2534 4492
118 182 192 255 101)
469 182 784 253 lllSSEll'l'rleO
812 186 892 257 Vb.
917 240 933 253 .-
965 250 969 259 .

119 360 161 439 ll,
177 363 225 435 A,
248 361 324 427 317.
347 374 379 429 et
397 363 500 450 Etym.
520 362 663 461 Μ-υ-522,
685 362 740 429 33.
762 363 802 430 cii
822 362 921 433 arico
934 364 973 434 τδ
989 355 1123 457 ἶβραχλλ
1139 370 1223 456 ἔχει,

119 461 307 551 ἔπειδῆυαλ
324 462 368 533 sci
380 464 436 534 διοὲ
457 466 519 532 τοῦ
535 471 589 546 ιζω
621 465 661 533 τδ
691 452 712 533 ἶ
722 463 828 556 upupa)
852 470 926 556 ἔχει.
969 469 1037 533 Etsi
1056 470 1133 533 cuim
1146 469 1224 535 nul-

111 564 182 629 ·lum
204 577 251 630 est
272 567 341 632 bnic
371 568 496 632 nomini·
511 590 577 631 cum
604 569 697 633 verbo
718 569 815 650 κνίζον
839 571 1067 647 commercium,
1090 571 1223 641 rectius-

120 686 177 751 que
199 669 297 733 Draco
325 671 439 756 ρ.21,
463 670 493 734 1.
525 691 568 734 cx
595 672 732 755 analogia
757 673 910 737 nominum
939 672 1053 749 παῖσα,
1087 672 1221 749 marica,

118 768 219 846 δῦσα,
243 773 347 858 φῦσα,
369 783 595 858 argumentatur
618 774 807 839 scribendum
828 794 897 839 csse
917 788 1033 850 ιινισα,
1060 785 1160 838 ιεσιοα
1186 774 1222 838 il·

109 871 172 947 ‚lud
192 873 301 947 indicio
324 888 383 955 est,
410 875 675 940 Grammaticorum
698 877 860 941 nonnullos
880 877 933 941 illa
951 896 1065 961 quoque
1083 876 1219 952 nomina,

120 997 195 1059 quac
216 999 235 1041 a
257 978 380 1061 perlecti
403 977 513 1061 passivi
534 978 756 1043 inclinamentis
777 979 875 1063 repeti
894 989 1058 1063 nequeunt,
1082 1000 1124 1042 ex
1142 998 1220 1043 scr-

119 1078 166 1142 bis
186 1079 259 1163 ipsis
281 1082 477 1164 conjectasse.
523 1080 581 1144 Sed
604 1083 667 1166 jam
693 1080 823 1165 intelligi
844 1092 934 1164 puto,
964 1091 1105 1164 quantum
1127 1080 1220 1143 nodo·

118 1196 186 1245 mam
208 1192 239 1245 et
259 1182 428 1265 captionum
452 1181 524 1245 baec
546 1182 681 1247 habitura
702 1183 743 1247 sit
763 1183 910 1266 quaestio.
955 1182 1075 1247 Etenim
1098 1203 1220 1247 nonso·

118 1281 180 1345 lum
194 1276 299 1358 ὅξος,
321 1284 351 1349 iu
382 1295 430 1348 est
449 1281 570 1372 ἄγριός,
600 1287 742 1351 scribitur
767 1283 850 1367 qnasi
880 1296 1017 1369 correpta
1043 1282 1218 1368 penultima,

120 1385 172 1449 scd
202 1384 290 1471 etiam
320 1387 405 1449 verbi
432 1389 526 1471 ipsius
557 1409 697 1453 mensura
728 1388 761 1453 in
791 1387 878 1450 lubio
908 1387 1015 1470 posita.
1065 1387 1115 1449 Ex
1136 1384 1220 1452 verbi

119 1486 216 1547 forma
229 1484 419 1555 Artemidoro
435 1493 622 1576 frequentata
643 1482 829 1566 coccoloum,
852 1488 899 1551 cui
923 1488 1082 1572 respondet
1096 1480 1219 1555 κατευλ-

118 1608 235 1672 γοιντο
258 1589 362 1677 Polyb.
388 1592 466 1656 Vlll.
492 1593 523 1658 7.
553 1594 635 1684 ἐαγῄ
661 1593 792 1680 llesycb.
819 1602 877 1655 etc.
912 1592 1062 1674 ipsiusque
1090 1589 1218 1656 nominis

118 1683 185 1776 ἅνή
206 1695 479 1777 macroparalexia‚
508 1718 604 1782 neque
627 1697 725 1759 minus
751 1716 793 1757 ex
818 1693 918 1755 ionica
945 1698 1093 1776 scriptura
1122 1688 1218 1778 κάτη-

118 1816 190 1881 γμα
208 1804 239 1857 ct
260 1792 480 1883 αιλτηξιςορσλ
504 1799 722 1887 Hippocratem,
749 1786 878 1880 ὀσφυήξ
892 1796 967 1878 apud
990 1794 1218 1869 Grammaticos,

118 1900 255 1981 sequitur
281 1901 367 1982 alpba
395 1910 426 1963 et
445 1902 477 1967 in
502 1902 594 1964 verbo
615 1901 679 1984 ipso
702 1908 733 1961 et
754 1897 784 1961 in
808 1899 890 1961 verbi
912 1897 1134 1961 inclinamentis
1155 1895 1218 1959 lon·
1257 1960 1260 1971 ,

117 2019 188 2081 gum
206 2018 291 2073 esse,
315 2020 409 2082 coque
430 2013 556 2067 accentu
578 2002 666 2064 etiam
687 1994 761 2085 ᾆξαι
780 1998 921 2070 scribitur
940 1998 1078 2082 Apollon.
1097 1997 1148 2060 lll.
1164 1986 1216 2061 96.
1257 1988 1261 2081 j

120 2107 190 2180 Sed,
214 2126 252 2167 na
274 2125 338 2167 rem
360 2105 396 2165 ad
419 2103 559 2185 liquidum
582 2102 750 2186 perductam
774 2110 920 2184 putemus,
946 2120 1016 2169 ecce
1038 2095 1094 2175 ιῖξε
1109 2101 1220 2184 legitur
1257 2118 1261 2197 p

118 2204 144 2269 Ι.
170 2204 264 2271 1168.
287 2200 428 2280 ιιατιλξαι
448 2204 534 2267 Aret.
558 2204 643 2287 Sign.
669 2200 912 2277 Acut.l.b,10.
936 2203 1053 2275 Aeliam.
1077 2202 1115 2271 H.
1137 2203 1218 2265 Ana.
1258 2206 1261 2253 ῑ

118 2310 189 2377 XV.
214 2308 266 2373 13.
289 2308 362 2372 Eur.
393 2306 493 2392 Suppl.
522 2304 597 2371 508.
627 2307 660 2369 in
688 2307 753 2371 eud.
778 2306 902 2369 bernes.
927 2304 1030 2380 blarcl.
1061 2313 1093 2365 et
1114 2299 1218 2385 Basill.
1256 2314 1261 2353 ἑ

120 2434 193 2498 quas
209 2413 289 2479 solas
310 2410 468 2475 consulere
490 2410 592 2494 potui3
615 2409 757 2473 Matthiae
779 2417 886 2471 autom·
900 2403 989 2471 tocite
1003 2402 1145 2477 κατᾶξαι
1159 2402 1221 2465 edi·
1257 2414 1261 2455 t

119 2516 298 2604 tlit,.qnem
321 2525 465 2599 sequutus
487 2523 535 2578 est
562 2511 599 2575 G.
623 2509 804 2575 Dinborlius.
859 2506 993 2588 Denique
1009 2503 1090 2586 apuu
1112 2503 1217 2569 lloma-
1251 2508 1261 2557 t

119 2642 186 2685 rum
201 2642 262 2704 ¹pro
284 2611 377 2695 ἆξον,
400 2617 477 2701 quod
498 2625 620 2681 veteres
645 2615 806 2695 legerunt,
830 2610 1021 2677 substitutum
1054 2614 1102 2667 est
1122 2599 1214 2681 σ’ίξον.
1255 2642 1261 2653 ·

118 2722 217 2802 Atque
239 2720 291 2781 ille
315 2737 448 2800 quoque,
479 2715 580 2796 quiin
602 2714 703 2795 Etym.
726 2713 769 2773 Μ.
793 2730 822 2790 p.
848 2708 901 2784 15,
926 2706 979 2771 23.
1005 2701 1086 2783 ἆξον
1108 2703 1218 2771 inflecti

105 2822 191 2887 uicit
212 2821 248 2883 ad
269 2819 437 2882 evitandam
458 2811 676 2898 syncmptosiu,
699 2818 752 2872 aut
773 2809 903 2873 nescivit
923 2808 1010 2892 alpha
1031 2818 1139 2873 natura
1154 2806 1218 2879 lon·
1255 2862 1258 2867 .

120 2946 190 3009 gum
211 2942 291 2995 csse,
314 2929 367 2983 aut
387 2926 449 2981 nou
471 2914 605 2981 credidit.
651 2911 867 2979 Gravissimum
896 2932 970 2975 vero
990 2908 1064 2975 illud
1086 2909 1216 2984 videtur,

119 3025 196 3111 qnod
223 3024 315 3087 verbo
345 3017 486 3092 κατᾶξαι
513 3037 573 3082 σου
606 3015 665 3101 alia
692 3030 834 3089 mensura
861 3013 1113 3095 convenit-uuam
1134 3030 1219 3095 prae·

119 3127 200 3193 senti
221 3116 389 3198 κατοίσσω,
413 3121 481 3183 huic
503 3131 602 3185 autem
621 3118 732 3207 brevis¹
746 3115 994 3200 assignapdapst
1011 3113 1137 3193 vocalis,
1161 3109 1218 3175 nisi
1254 3106 1260 3181 l

120 3230 185 3315 ipuis
208 3229 401 3299 demonstrat,
426 3221 691 3289 Grammaticorum
714 3217 949 3303 praeceptionem
971 3228 1025 3279 ant
1045 3214 1150 3279 falsam
1168 3222 1219 3281 aut
1257 3218 1260 3223 '

120 3352 252 3398 mancam
277 3348 355 3391 esse.
401 3324 450 3388 Sic
473 3324 552 3389 enim
574 3325 676 3409 ajunt,
699 3322 772 3388 πᾶν
793 3317 950 3407 δίχρονον
972 3323 1050 3409 ἔχον
1076 3312 1218 3381 διπλοῦν

120 3429 367 3522 ἐπιφερόμενον
388 3426 629 3493 συστέλλεσθαι
650 3425 743 3508 Regg.
768 3423 852 3485 Pros.
876 3419 914 3483 N.
932 3417 1084 3517 932441.
1108 3438 1145 3480 ac
1168 3438 1219 3480 no·

120 3538 254 3605 minatim
276 3532 345 3597 huic
366 3531 424 3616 legi
446 3529 608 3615 subjiciunt
627 3527 743 3609 sigmaz
767 3523 808 3591 τοὶ
831 3519 886 3595 διολ
901 3517 962 3595 δύο
976 3546 1016 3586 oo
1033 3511 1219 3606 παράγαγε

120 3633 257 3735 ῥήματα
290 3633 375 3723 ὑπὲρ
403 3628 464 3701 δύο
488 3625 659 3716 συλλαβάς
684 3619 877 3713 βαρύτονα,
900 3620 948 3725 ὅτ’
975 3627 1041 3709 ἔχει
1062 3619 1218 3710 δίχρονον

122 3742 188 3837 πρὸ
207 3742 334 3821 τέλους,
357 3726 623 3819 συστελλόμενον
649 3725 732 3797 αὐτὸ
756 3732 840 3817 ἔχει,
863 3722 1017 3814 σῖροίσσυ,
1039 3721 1216 3798 macciano,
1256 3744 1263 3823 p

121 3843 289 3938 χαράσσα,
312 3840 446 3919 ἑλίσσω,
469 3827 622 3921 α’φύσσυ·
647 3831 750 3925 δῆλον
774 3824 847 3935 οὖν’
868 3825 919 3897 ὅτι
948 3824 1005 3892 καὶ
1031 3822 1070 3891 τό
1097 3822 1216 3892 θοὶσσυ

123 3947 247 4036 ὀφείλει
268 3943 307 4015 cci
321 3948 351 4024 [οἱ
369 3934 635 4024 συστελλόμενον
649 3930 845 4026 ἔχεινλλερρ.
869 3930 953 3996 Pio's.
970 3928 993 3993 l.
1009 3927 1032 3992 l.
1056 3927 1159 4013 Etpm.
1174 3924 1216 3990 bl.

122 4051 198 4121 746,
220 4049 273 4113 38.
296 4050 386 4111 brac.
410 4065 439 4130 p.
463 4042 518 4121 21,
540 4041 573 4108 9.
597 4039 673 4126 apud
699 4059 785 4125 quem
806 4055 869 4109 nou
890 4025 1016 4119 ὀφείλει
1034 4029 1146 4115 legitur
1167 4027 1220 4101 sel
