2534 4492
88 159 160 226 548
454 148 770 216 Dlssttttt'ddlo
799 150 838 217 v.
928 138 930 141 ’

529 341 533 346 ’
597 330 681 414 §.a

85 510 86 513 .
173 455 321 520 Nimirum
342 453 436 538 igitur
460 449 630 534 quaeritur,
660 468 770 513 snasne
795 458 953 536 utrumqne
979 473 1076 539 genus
1100 456 1194 520 nomi·

89 581 161 625 num
188 569 221 622 et
240 557 375 642 proprias
396 554 510 617 radices
537 551 644 615 habeat
668 571 707 614 an
729 539 823 615 unum
847 574 888 617 ex
910 554 1006 619 altero
1032 578 1194 641 procreve-

87 663 148 738 rit,
179 660 364 725 substantiva
386 677 426 720 ex
446 654 601 739 adjectivis
623 674 662 717 an
685 664 800 718 contra.
847 654 930 735 Quod
955 668 989 721 ut
1010 659 1122 749 ordine
1141 682 1195 725 ex·

88 764 228 850 plicetur,
251 762 375 847 primunr
397 760 433 822 de
454 756 624 821 verbalibus
646 776 814 840 exponam,
839 759 969 842 quaein
990 762 1193 828 substantivo·

88 888 156 931 rum
177 863 398 930 similitudinem
421 861 599 934 incurrunt,
627 868 690 922 tum
710 879 944 945 parunymorum
966 861 1065 927 ilexns
1088 877 1120 930 et
1137 870 1194 930 'va-

87 969 230 1043 rietates,
266 966 360 1049 quoad
382 964 459 1026 scitu
481 981 555 1045 opus
575 961 743 1037 videbitur,
774 965 973 1046 pertractabo.
1018 965 1136 1032 Nomen
1162 972 1195 1036 oi

86 1067 197 1160 χκτοί,
227 1068 277 1131 ubi
304 1087 358 1150 pro
384 1056 526 1152 χόματσ
555 1063 681 1140 dicitnr,
712 1084 799 1128 nemo
829 1065 888 1129 erit
916 1066 986 1150 quin
1012 1069 1193 1154 adlectivum

87 1193 153 1238 osse
172 1171 350 1236 confiteatur
367 1167 480 1259 pariter
497 1176 531 1229 ut
548 1165 672 1229 latinum
681 1165 789 1249 fosso.
819 1166 892 1232 ltem
909 1165 1067 1256 βλαστός,
1088 1165 1192 1249 ἱστός,

84 1269 216 1349 κεστός,
240 1265 351 1342 otrodo
372 1290 404 1332 v·
429 1270 529 1354 Etym·
553 1269 595 1332 Μ.
620 1290 649 1352 ρ.
674 1267 755 1345 620,
778 1267 811 1334 8.
827 1273 875 1354 ⁴⁵)
902 1265 1034 1347 Γακτός
1055 1271 1194 1361 κλόομο

85 1376 217 1461 Hesycb.
236 1367 374 1460 μορτός,
390 1363 520 1457 κρότος,
535 1366 675 1447 raucedo,
693 1369 827 1458 ῥόκτος,
844 1365 972 1450 ξυστός,
992 1370 1191 1464 σοιστός46),

86 1473 265 1566 στρεπτός,
291 1467 454 1561 οκητστός,
480 1469 598 1547 στοτός
610 1473 678 1559 ⁴⁷),
702 1470 866 1561 φροκτός,
898 1478 955 1540 etsi
977 1464 1192 1544 nonnullorum

84 1584 149 1672 ipsa
171 1580 302 1642 themata
328 1573 454 1665 (βλοῖο,
479 1573 594 1664 cadmo
618 1581 693 1661 etc.)
719 1591 926 1657 evanuerunt,
956 1591 1057 1644 tamen
1079 1583 1192 1666 quine

83 1682 315 1769 participialibus
338 1701 485 1744 conversa
506 1681 585 1756 sint,
609 1678 665 1743 boc
687 1679 785 1743 minus
808 1680 999 1747 dubitationis
1022 1696 1087 1762 est,
1114 1686 1192 1770 quod

84 1787 246 1850 multorum
269 1792 376 1848 extant
397 1795 521 1859 neutra,
543 1775 711 1869 βλαστόν,
733 1775 916 1870 στρεπτόν,
937 1781 1083 1864 παλτόν,
1107 1787 1192 1854 caci-

82 1912 190 1970 τοτον,
220 1899 356 1973 xystum.
402 1887 446 1949 Αο
472 1877 596 1972 φόρτος
623 1907 738 1970 quoque
765 1886 830 1950 sola
852 1887 964 1952 vocalis
992 1899 1078 1974 trope
1104 1891 1190 1976 (nam

83 2000 225 2054 accentus
246 1990 393 2054 rationem
416 1989 463 2052 bio
486 1987 598 2051 nnllam
625 1988 715 2074 duco)
742 1988 935 2074 distinguitur
960 1992 997 2054 ab
1024 1980 1084 2066 eo,¹
1112 1993 1191 2076 qnod

84 2104 130 2156 est
153 2081 283 2178 φερτός.
329 2091 386 2154 Sed
408 2091 510 2154 eadem
532 2091 587 2153 bac
609 2091 820 2162 terminatione
848 2112 884 2156 ea
905 2114 1020 2178 quoque
1048 2104 1188 2172 utuntur,

84 2214 158 2280 quae
176 2204 229 2258 aut
250 2215 268 2257 a
286 2193 369 2256 nullo
386 2194 480 2257 verbo
498 2193 650 2257 commode
668 2194 764 2279 repeti
784 2207 921 2279 possunt,
943 2208 978 2261 ut
993 2187 1100 2284 κότος
1122 2197 1188 2263 sive

80 2452 129 2511 roi
145 2441 194 2511 ἦ.
228 2453 295 2506 Illud
318 2453 416 2505 rectius
437 2450 555 2507 Τελέοον
578 2455 703 2505 scribitur
720 2454 798 2506 dntb.
818 2454 874 2507 Pal.
894 2452 938 2508 Vl.
959 2471 983 2507 n.
1003 2453 1047 2508 35.
1072 2454 1099 2504 in
1119 2438 1190 2508 offae

81 2542 236 2594 declinatum
260 2547 291 2593 ut
307 2530 410 2593 Λοόων
432 2538 509 2596 Paus.
530 2538 550 2591 l.
570 2541 601 2602 8,
620 2543 647 2593 d.
673 2536 784 2604 Ἀλέξων
802 2540 893 2611 Polyb.
913 2540 933 2593 l.
952 2541 1001 2603 48,
1019 2542 1045 2593 i.
1071 2532 1191 2614 Κτήσων
1227 2546 1230 2554 ’

79 2628 174 2685 Athen,
193 2627 214 2679 1.
235 2627 276 2679 16.
296 2625 327 2683 F.
350 2619 459 2695 Βρόσων
476 2627 558 2678 Arist.
580 2625 656 2692 Sopb.
675 2626 717 2677 El.
737 2642 760 2676 ο.
779 2626 826 2678 xl.
853 2625 963 2681 Βλόοκν
978 2627 1052 2695 Πίος.
1073 2623 1139 2677 VIII.
1162 2626 1186 2678 1.

79 2709 210 2779 Κλήσον,
227 2706 344 2771 Παύσων
361 2711 494 2776 omniaque
515 2711 555 2762 his
574 2711 684 2774 simitia3
712 2711 743 2761 de
763 2706 890 2773 Τελίοοιτ,
914 2707 1185 2766 munumentum.

79 2795 113 2848 V.
128 2795 188 2852 220.
201 2795 231 2845 B.
251 2795 343 2845 merito
360 2795 505 2851 dubitatur.
535 2797 598 2848 Cum
616 2799 675 2849 aliis
694 2796 817 2854 orationis
836 2795 953 2861 partibus
971 2797 1111 2863 compositu
1129 2812 1187 2864 pur·

80 2883 226 2948 ticipiornm
245 2880 318 2931 modo
340 2880 502 2937 declinantur
522 2879 706 2955 Πολοτρέπων
722 2882 831 2940 Luciun.
852 2881 960 2934 Conviv.
980 2881 1005 2958 5.
1024 2882 1068 2940 2⁰.
1094 2879 1189 2937 Πολο-

79 2971 201 3040 σπέρχων
211 2973 267 3047 xetta

146 3062 193 3130 45)
216 3061 361 3119 Consimilis
379 3065 487 3116 nominis
504 3064 606 3131 ellipsin
626 3065 722 3121 babent
741 3061 879 3135 φολορικό
897 3064 1008 3134 Hesycb.
1033 3066 1052 3115 i.
1072 3081 1094 3116 e.
1121 3064 1186 3119 fula·

79 3151 149 3211 rica,
176 3143 357 3219 όλιθοβόλοο
373 3151 467 3208 Athen.
487 3149 520 3202 V.
540 3151 600 3208 208.
622 3151 651 3202 C.
676 3147 692 3205 o‘
709 3148 845 3219 πυρφόρος
868 3150 1023 3216 (malleolus)
1045 3141 1187 3222 όξοβελῆτ,

78 3235 145 3303 quod
167 3233 291 3290 Homerus
315 3250 372 3288 cnm
396 3229 490 3292 ὀϊστός
513 3236 659 3302 conjungit,
691 3237 819 3288 Diodorus
843 3244 929 3287 autem
953 3251 1003 3290 non
1028 3235 1122 3296 semel,
1155 3243 1187 3287 ut

78 3321 250 3375 Schneiderus
268 3321 307 3374 ait
324 3324 356 3380 ad
373 3322 477 3377 Vitruv.
498 3322 530 3374 Τ.
550 3321 592 3379 111.
614 3323 673 3382 888.
700 3323 745 3374 sed
766 3321 869 3390 saepius
891 3337 948 3374 cum
965 3317 1136 3392 κοτακὲλτητ
1150 3320 1183 3373 1..

77 3406 158 3466 XVII.
179 3408 223 3463 24.
242 3414 269 3458 et
286 3408 329 3464 85.

56 3547 58 3572 ,
146 3509 192 3575 46)
215 3504 342 3578 Erectio,
366 3508 468 3581 κόσμον
489 3513 637 3581 γυναικεῖος
658 3509 786 3578 Moschop.
813 3510 904 3564 Sobel.
929 3477 1002 3578 pli.
1030 3505 1187 3576 Ἀντίδοτος,

52 3588 66 3605 ”
77 3591 176 3665 κόσμος
192 3598 337 3666 γυναικεῖον
353 3592 382 3652 dc
398 3603 444 3652 καὶ
462 3595 602 3668 οἷνσόέομη
620 3593 726 3666 λέγεται
745 3596 850 3677 Philum.
872 3596 985 3650 Gramm.
1005 3594 1029 3663 ᾖ
1050 3596 1100 3656 33,
1119 3597 1182 3653 245.

145 3697 192 3764 47)
214 3697 264 3749 Pro
282 3698 377 3753 στατόο
393 3694 487 3765 mcciv.
519 3701 641 3771 flospobii
658 3701 744 3765 glossa
760 3696 865 3755 Στοὶτοτ
881 3694 1003 3767 (ποτόν)
1020 3695 1109 3769 σκάφη
1126 3714 1188 3766 per·

76 3785 143 3838 tinet
160 3787 193 3838 ud
212 3773 397 3854 σκοφηφορίον
415 3787 546 3854 opificum,
564 3789 596 3840 dc
614 3785 707 3855 quibus
725 3795 765 3839 est
783 3787 913 3855 Sophoclis
931 3799 1034 3846 versus,
1052 3780 1071 3837 ό
1086 3782 1189 3853 χειροί-

76 3869 127 3933 νοξ
142 3868 220 3937 λεώς,
244 3869 274 3924 οἳ
286 3868 337 3939 τήν
352 3869 417 3926 Aede
431 3901 447 3918 -ι
459 3865 593 3942 Ἐργάνην
611 3870 853 3930 οτοτοῖοἯκνοοοι
871 3873 1078 3943 προστρέπεσθε.
1114 3869 1187 3924 Idem

39 4008 42 4017 ,
76 3953 171 4022 Στοτή
188 3952 342 4023 κάρδοπος,
365 3957 432 4023 quod
449 3972 539 4009 nomeu
556 3959 703 4025 Apostolius
719 3959 831 4015 Albortii
848 3959 882 4012 ud
898 3955 1008 4026 Hesych.
1027 3973 1050 4011 s.
1071 3950 1189 4027 Kopdc‘-

75 4059 142 4095 τιον
160 4042 348 4109 interpretatur
364 4039 478 4112 σκάφην.

1210 321 1216 353 l
