2534 4492
122 170 196 239 m
316 174 319 179 ·
409 159 761 229 ..nlsssnrarto
783 158 893 228 vm.-

119 345 257 434 -ρ.·553.’
280 341 316 408 Τ.
340 340 365 408 Ι.
390 340 576 430 γράμματα
599 337 746 430 γράφειν
774 340 968 425 Plat.·Legg.
1000 338 1056 402 IX.
1079 336 1158 403 858.
1182 339 1218 406 G.

118 439 290 533 διαθήκας
310 443 536 512 «διατίθεσθαι
556 445 643 509 bom.
671 465 699 506 c.
730 442 830 528 Stcpb.
861 442 898 506 II.
932 441 1028 518 1133,
1055 438 1107 507 14.
1135 465 1219 529 γρα·

118 549 191 639 -φάς
211 543 406 635 γράφεσθαι
421 549 494 633 Lys.
516 548 603 631 Apol.
625 547 711 610 Erat.
735 544 789 623 05,
812 545 866 611 44.
890 537 1075 631 πρόκλησιν
1089 568 1220 629 προκα-

118 656 260 720 λεῖσθαι
281 651 366 714 Dcm.
390 647 466 725 aba,
489 648 520 712 3.
543 644 656 734 μάζαν
675 639 818 734 μάττειν
841 648 1014 711 bernoni.
1038 645 1117 714 200.
1138 643 1220 713 πλά·

121 779 239 841 opauco
262 746 422 818 εσλάσιειν
450 750 590 814 Menand.
619 749 671 815 Fr.
705 750 791 815 Dem.
822 771 851 835 p.
882 748 936 814 45.
957 749 1032 826 ¹(ubi
1061 748 1219 812 scribentis

118 875 228 923 ¹errore
248 853 414 939 πέμματα
436 851 561 936 editum)
582 843 690 938 φόρον
713 852 828 939 φέρειν
856 851 951 915 Arist.
981 851 1062 915 Avr.
1093 849 1167 916 191.
1189 861 1220 914 ct

121 952 279 1042 εἰςφοράς
299 954 460 1041 εἰςγέρειν
486 954 558 1039 Lys.
582 981 621 1021 σε.
638 957 721 1039 Σηιι.
741 954 793 1034 11,
817 953 870 1018 37.
894 950 1050 1042 χορηγίας
1067 963 1220 1041 χορηγεῖν
1250 974 1253 987 ·

121 1059 246 1142 Antiph.
275 1055 354 1132 138,
389 1055 443 1119 77.
457 1060 482 1136 ²)
521 1052 605 1144 χοήν
641 1063 778 1145 χεῖσθαι
814 1055 925 1142 Odyss.
955 1057 1004 1124 K.
1037 1052 1112 1119 518.
1150 1075 1221 1137 ‹puo-
1250 992 1254 1111 1

121 1183 189 1226 rum
217 1158 348 1225 omnium
370 1178 430 1221 non
452 1177 543 1220 unum
565 1157 656 1234 illud,
685 1159 762 1241 quod
789 1157 964 1242 exsigoari,
1003 1166 1091 1221 extat
1117 1178 1220 1221 exem·

122 1264 201 1348 plum
224 1263 276 1325 scd
299 1259 436 1343 plurima.
481 1258 516 1321 In
531 1258 679 1342 bisigitnr
695 1260 770 1324 locis
785 1281 894 1324 nomen
916 1281 953 1324 eo
975 1257 1057 1324 valet
1078 1270 1112 1323 ut
1131 1281 1221 1343 quum

121 1366 233 1430 multae
256 1382 306 1425 res
328 1361 430 1436 scribi,
452 1361 548 1435 fundi,
573 1361 657 1444 fingi,
680 1362 755 1425 ferri
776 1362 904 1446 possint,
927 1363 1043 1426 infinita
1063 1361 1147 1426 verbi
1168 1382 1222 1424 no-

122 1469 165 1531 tio
193 1465 338 1529 limitetur
365 1463 570 1547 designatione
600 1463 646 1526 rei
673 1464 767 1527 actori
793 1465 956 1550 subjectae.
1001 1463 1103 1548 Itaque
1133 1463 1221 1528 ctiam

121 1564 228 1657 α’ρχήν
255 1559 352 1653 uictor
381 1566 490 1629 dicitur
519 1565 648 1629 Herodo.
673 1565 725 1629 VI.
758 1564 814 1630 67.
844 1565 920 1631 PIot.
953 1567 1055 1652 Symp.
1085 1563 1160 1630 183.
1183 1566 1219 1629 Ε.
1253 1566 1256 1653 ξ

121 1671 236 1737 Andoc.
260 1689 289 1752 p.
316 1666 368 1745 10,
391 1665 444 1730 73.
467 1667 562 1730 Arist.
587 1667 677 1751 Vesp.
703 1668 777 1733 557.
800 1680 835 1733 ut
857 1663 1043 1754 ἱερωσύνην
1064 1668 1222 1756 ἱερᾶσθαι
1253 1702 1256 1711 =

122 1771 264 1837 Acachia.
289 1791 318 1835 c.
341 1768 419 1833 Tim.
442 1789 471 1852 p.
495 1767 529 1844 3,
552 1767 606 1834 30.
628 1770 805 1859 βασιλείαν
832 1765 1024 1860 βασιλεύειν
1054 1792 1117 1835 non
1137 1772 1219 1850 item,

124 1875 192 1959 quin
213 1873 286 1937 illud
306 1871 431 1937 verbum
452 1871 488 1935 de
511 1872 612 1936 multis
633 1875 723 1938 rebus
745 1874 872 1949 dicitur,
900 1873 957 1939 hoc
987 1874 1020 1938 in
1046 1894 1108 1938 una
1128 1873 1219 1937 lixum

124 1987 157 2040 et
178 1974 331 2038 definitum
352 1984 410 2038 cst.
457 1973 515 2037 Sed
537 1974 613 2038 baud
642 1976 882 2059 intempestivum
910 1976 1030 2041 ridetur
1056 1976 1114 2040 boo
1145 1974 1220 2059 quod

122 2078 248 2154 affirmo,
272 2074 361 2140 nnius
381 2074 569 2141 usitatissimi
590 2078 675 2140 verbi
695 2077 802 2164 λέγειν
823 2076 960 2161 exemplo
979 2076 1151 2155 declararet
1174 2075 1222 2141 cui

121 2179 151 2242 si
171 2176 341 2261 adjungitur
361 2199 471 2243 nomen
491 2171 604 2265 λόγος,
633 2178 663 2242 11
686 2179 834 2242 diversam
861 2200 880 2243 a
907 2180 999 2246 verbo
1027 2179 1222 2266 significatio-

122 2300 193 2346 nem
216 2281 322 2360 babet,
344 2292 397 2345 aut
418 2281 498 2345 enim
521 2280 649 2344 fabulam
676 2282 799 2345 denotat
821 2282 872 2346 vel
893 2282 1114 2358 narrationem,
1139 2282 1222 2357 ἔλεξε

122 2378 224 2471 λόγον
247 2383 375 2448 Herodo.
400 2383 423 2447 1.
450 2382 523 2446 141.
553 2378 653 2469 λόγον
673 2382 749 2449 εἷπε
769 2383 894 2468 Appian.
927 2384 993 2446 div.
1017 2381 1041 2444 1.
1067 2379 1142 2445 101.
1169 2377 1221 2449 λε’-

123 2510 205 2574 γους
225 2485 332 2574 λέγειν
354 2485 446 2550 verba
466 2485 566 2548 facere
589 2485 677 2549 Paos.
700 2484 750 2548 III.
777 2485 830 2562 13,
854 2485 885 2549 1.
909 2484 1009 2549 antid
1032 2485 1110 2566 quod
1131 2484 1220 2549 latine
1258 2504 1261 2511 ·

121 2590 233 2681 dicitur
255 2590 334 2673 loga,
357 2584 407 2673 μη
424 2582 543 2674 λόγους
564 2587 637 2675 λε’γε
657 2588 731 2651 Eur.
754 2589 833 2652 Med.
858 2587 933 2652 322.
955 2581 1005 2673 μη
1026 2585 1100 2671 λέγε
1121 2579 1222 2674 λόγον

123 2692 219 2753 Arist.
247 2689 322 2751 Aah.
351 2686 426 2752 288.
460 2685 510 2771 μοὶ
540 2689 615 2753 ἐᾶτε
641 2684 766 2761 αύτούς
794 2684 913 2776 λόγους
938 2688 1046 2775 λέγειν
1077 2688 1164 2752 Dcm.
1195 2711 1220 2753 e.
1259 2690 1261 2765 J

124 2790 254 2853 Theocr.
278 2808 307 2871 p.
334 2787 428 2862 1324,
450 2787 484 2850 4.
494 2791 521 2866 3)
548 2789 624 2870 quod
653 2791 731 2853 unde
753 2801 855 2854 natum
884 2791 925 2854 sit
954 2802 1075 2874 apparet
1095 2811 1138 2855 ex
1159 2791 1222 2877 pie·

124 2892 193 2955 nius
215 2889 299 2953 dictis
321 2895 379 2956 ἵνα
400 2883 450 2974 μη
472 2884 572 2976 λόγον
595 2889 676 2977 λέγω
702 2885 815 2980 μόνον
841 2915 869 2956 c.
897 2892 982 2976 Lept.
1004 2890 1080 2969 485,
1106 2891 1138 2957 5.
1162 2893 1224 2956 Po-

102 2993 188 3081 ,lIh·
211 2990 306 3056 XVII.
330 2989 363 3067 8,
385 2990 419 3056 4.
442 3013 509 3055 cum
532 2994 622 3058 tacita
643 2996 826 3079 oppositione
847 2994 1047 3079 νύνέργον,
1063 2993 1123 3081 τῆς
1136 2989 1225 3082 άλη-

124 3092 236 3173 θείας,
259 3115 332 3175 quae
354 3115 497 3178 expressa
519 3107 566 3160 est
587 3096 673 3161 Dem.
698 3096 745 3160 01.
769 3096 806 3159 11.
830 3095 885 3172 21,
909 3095 940 3158 7.
968 3092 1062 3182 ὅμως
1087 3093 1138 3185 μη
1165 3095 1224 3165 λδ-

124 3220 206 3285 γους
228 3196 340 3280 ἐροῦσι
365 3195 476 3282 μόνον
496 3191 579 3264 άλλά
606 3200 664 3266 καὶ
684 3201 783 3285 ἔργον
807 3193 972 3265 δεικνύειν
996 3206 1118 3277 ἕξουσι.
1163 3200 1225 3266 Νε·

127 3318 183 3382 quc
206 3299 310 3362 dicere
333 3299 447 3364 dictam
473 3299 551 3363 idcm
578 3301 659 3366 valet
687 3301 764 3385 qnod
791 3300 920 3385 simplex
950 3301 1065 3365 dicere.
1110 3301 1146 3365 In
1167 3302 1225 3369 hoc

124 3400 220 3486 igit-ur
240 3421 351 3484 genere
374 3423 412 3466 uc
434 3402 586 3467 levissima
614 3404 730 3488 quidcm
752 3403 948 3468 abundantiae
970 3406 1075 3467 umbra
1097 3405 1225 3470 residet.

128 3501 305 3567 Ceterorum
327 3523 400 3569 vero
422 3504 534 3569 nnllam
553 3504 683 3570 arbitror
694 3506 776 3569 reddi
798 3526 884 3590 posse
906 3507 1065 3586 rationem,
1089 3528 1168 3593 quac
1189 3509 1228 3572 od

195 3774 225 3842 2)
245 3778 427 3844 Τριηραργὶσε
436 3779 607 3846 τριηραρχεῖν
619 3777 690 3828 Deru.
706 3792 729 3828 c.
745 3777 946 3846 stapedum,
960 3779 1000 3832 15.
1015 3779 1055 3831 11ε
1067 3783 1227 3848 suspectius,

127 3862 177 3912 nisi
189 3877 279 3912 nomen
291 3861 422 3913 numerale
439 3876 472 3911 cx
482 3864 692 3914 antecedentibus
708 3873 850 3931 repetatur.

196 3947 223 4009 3)
247 3945 362 4015 Thucyd.
383 3944 449 3997 VIII.
472 3946 513 4001 14,
532 3938 618 4017 λόγων
634 3947 785 4018 λεγομένων
804 3947 857 4006 ind
875 3945 1070 4019 Ἀλκιβιάδου,
1096 3953 1139 4004 cni
1162 3968 1232 4020 quae

128 4026 210 4096 Poppo
229 4032 331 4097 apponit
342 4031 466 4098 exempla,
488 4032 567 4086 alicui
585 4042 647 4088 sunt
663 4037 773 4099 generis.
