<?xml version="1.0" encoding="UTF-8"?>
<!DOCTYPE html PUBLIC "-//W3C//DTD XHTML 1.0 Transitional//EN"
    "http://www.w3.org/TR/xhtml1/DTD/xhtml1-transitional.dtd">
<html xmlns="http://www.w3.org/1999/xhtml" xml:lang="en" lang="en">
 <head>
  <title>
</title>
<meta http-equiv="Content-Type" content="text/html;charset=utf-8" />
  <meta name='ocr-system' content='tesseract 3.04.00' />
  <meta name='ocr-capabilities' content='ocr_page ocr_carea ocr_par ocr_line ocrx_word'/>
</head>
<body>
  <div class='ocr_page' id='page_1' title='image "./paralipomenagra01lobegoog_0055.png"; bbox 0 0 2534 4492; ppageno 0'>
   <div class='ocr_carea' id='block_1_1' title="bbox 114 107 850 245">
    <p class='ocr_par' dir='ltr' id='par_1_1' title="bbox 114 107 850 245">
     <span class='ocr_line' id='line_1_1' title="bbox 114 107 850 245; baseline -0.018 -17"><span class='ocrx_word' id='word_1_1' title='bbox 114 157 189 234; x_wconf 83' lang='lat' dir='ltr'><strong>aro</strong></span> <span class='ocrx_word' id='word_1_2' title='bbox 244 218 247 223; x_wconf 89' lang='lat'>.</span> <span class='ocrx_word' id='word_1_3' title='bbox 294 107 304 130; x_wconf 83' lang='grc'>’</span> <span class='ocrx_word' id='word_1_4' title='bbox 465 148 782 245; x_wconf 76' lang='lat' dir='ltr'><strong>ntssnursmo</strong></span> <span class='ocrx_word' id='word_1_5' title='bbox 810 147 850 217; x_wconf 80' lang='lat' dir='ltr'><strong>v.</strong></span> 
     </span>
    </p>
   </div>
   <div class='ocr_carea' id='block_1_2' title="bbox 93 327 1225 1033">
    <p class='ocr_par' dir='ltr' id='par_1_2' title="bbox 93 327 1225 1033">
     <span class='ocr_line' id='line_1_2' title="bbox 116 327 1225 430; baseline 0 -30"><span class='ocrx_word' id='word_1_6' title='bbox 116 360 186 430; x_wconf 72' lang='lat' dir='ltr'><strong>pars</strong></span> <span class='ocrx_word' id='word_1_7' title='bbox 206 334 330 420; x_wconf 82' lang='lat' dir='ltr'><strong>antiquo</strong></span> <span class='ocrx_word' id='word_1_8' title='bbox 350 352 409 396; x_wconf 85' lang='lat' dir='ltr'><strong>usn</strong></span> <span class='ocrx_word' id='word_1_9' title='bbox 428 332 556 412; x_wconf 89' lang='lat' dir='ltr'><strong>sancita,</strong></span> <span class='ocrx_word' id='word_1_10' title='bbox 578 332 718 418; x_wconf 79' lang='lat' dir='ltr'><strong>pleraque</strong></span> <span class='ocrx_word' id='word_1_11' title='bbox 740 331 954 398; x_wconf 83' lang='lat' dir='ltr'><strong>deflorescente</strong></span> <span class='ocrx_word' id='word_1_12' title='bbox 977 327 1139 399; x_wconf 77' lang='lat' dir='ltr'><strong>Graeciae</strong></span> <span class='ocrx_word' id='word_1_13' title='bbox 1156 355 1225 401; x_wconf 81' lang='lat' dir='ltr'><strong>me-</strong></span> 
     </span>
     <span class='ocr_line' id='line_1_3' title="bbox 116 433 1225 521; baseline -0.005 -15"><span class='ocrx_word' id='word_1_14' title='bbox 116 442 210 519; x_wconf 85' lang='lat' dir='ltr'><strong>dicis,</strong></span> <span class='ocrx_word' id='word_1_15' title='bbox 240 433 415 499; x_wconf 84' lang='lat' dir='ltr'><strong>rhizotomis</strong></span> <span class='ocrx_word' id='word_1_16' title='bbox 445 435 628 517; x_wconf 90' lang='lat' dir='ltr'><strong>aliarumque</strong></span> <span class='ocrx_word' id='word_1_17' title='bbox 649 435 758 498; x_wconf 89' lang='lat' dir='ltr'><strong>artium</strong></span> <span class='ocrx_word' id='word_1_18' title='bbox 777 433 961 497; x_wconf 71' lang='lat' dir='ltr'><strong>antistitibus</strong></span> <span class='ocrx_word' id='word_1_19' title='bbox 982 445 1121 518; x_wconf 74' lang='lat' dir='ltr'><strong>recepte,</strong></span> <span class='ocrx_word' id='word_1_20' title='bbox 1145 458 1225 521; x_wconf 87' lang='lat' dir='ltr'><strong>quo·</strong></span> 
     </span>
     <span class='ocr_line' id='line_1_4' title="bbox 93 535 1225 621; baseline 0.004 -19"><span class='ocrx_word' id='word_1_21' title='bbox 93 561 181 607; x_wconf 75' lang='lat' dir='ltr'><strong>,rum</strong></span> <span class='ocrx_word' id='word_1_22' title='bbox 203 536 349 601; x_wconf 88' lang='lat' dir='ltr'><strong>rationem</strong></span> <span class='ocrx_word' id='word_1_23' title='bbox 373 536 482 600; x_wconf 91' lang='lat' dir='ltr'><strong>nnllam</strong></span> <span class='ocrx_word' id='word_1_24' title='bbox 505 539 617 603; x_wconf 83' lang='lat' dir='ltr'><strong>ducunt</strong></span> <span class='ocrx_word' id='word_1_25' title='bbox 641 537 789 601; x_wconf 88' lang='lat' dir='ltr'><strong>sermonis</strong></span> <span class='ocrx_word' id='word_1_26' title='bbox 811 535 911 621; x_wconf 83' lang='lat' dir='ltr'><strong>graeci</strong></span> <span class='ocrx_word' id='word_1_27' title='bbox 934 546 1105 601; x_wconf 78' lang='lat' dir='ltr'><strong>exactores.</strong></span> <span class='ocrx_word' id='word_1_28' title='bbox 1151 535 1225 606; x_wconf 77' lang='lat' dir='ltr'><strong>Alia</strong></span> 
     </span>
     <span class='ocr_line' id='line_1_5' title="bbox 113 632 1222 729; baseline -0.001 -22"><span class='ocrx_word' id='word_1_29' title='bbox 113 637 331 726; x_wconf 81' lang='lat' dir='ltr'><strong>significantiae</strong></span> <span class='ocrx_word' id='word_1_30' title='bbox 366 660 455 705; x_wconf 88' lang='lat' dir='ltr'><strong>causa</strong></span> <span class='ocrx_word' id='word_1_31' title='bbox 486 651 667 724; x_wconf 75' lang='lat' dir='ltr'><strong>usurpantur</strong></span> <span class='ocrx_word' id='word_1_32' title='bbox 695 650 729 704; x_wconf 90' lang='lat' dir='ltr'><strong>ut</strong></span> <span class='ocrx_word' id='word_1_33' title='bbox 755 632 951 725; x_wconf 76' lang='grc' dir='ltr'><em>κυνάμυια,</em></span> <span class='ocrx_word' id='word_1_34' title='bbox 988 634 1222 729; x_wconf 76' lang='grc' dir='ltr'><strong><em>πειθανάγκη,</em></strong></span> 
     </span>
     <span class='ocr_line' id='line_1_6' title="bbox 116 738 1221 829; baseline -0.004 -16"><span class='ocrx_word' id='word_1_35' title='bbox 116 740 285 828; x_wconf 76' lang='grc' dir='ltr'><strong><em>δυςελένη,</em></strong></span> <span class='ocrx_word' id='word_1_36' title='bbox 308 738 545 829; x_wconf 80' lang='grc' dir='ltr'><strong><em>κοροινεκάβη,</em></strong></span> <span class='ocrx_word' id='word_1_37' title='bbox 568 752 621 804; x_wconf 90' lang='lat' dir='ltr'><strong>aut</strong></span> <span class='ocrx_word' id='word_1_38' title='bbox 641 742 728 805; x_wconf 91' lang='lat' dir='ltr'><strong>aliam</strong></span> <span class='ocrx_word' id='word_1_39' title='bbox 759 743 904 826; x_wconf 87' lang='lat' dir='ltr'><strong>quandam</strong></span> <span class='ocrx_word' id='word_1_40' title='bbox 932 752 1033 805; x_wconf 71' lang='lat' dir='ltr'><strong>nomm</strong></span> <span class='ocrx_word' id='word_1_41' title='bbox 1065 743 1221 810; x_wconf 80' lang='lat' dir='ltr'><strong>abnormis</strong></span> 
     </span>
     <span class='ocr_line' id='line_1_7' title="bbox 115 843 1221 932; baseline 0.005 -24"><span class='ocrx_word' id='word_1_42' title='bbox 115 844 245 932; x_wconf 75' lang='lat' dir='ltr'><strong>fictionis</strong></span> <span class='ocrx_word' id='word_1_43' title='bbox 273 865 343 928; x_wconf 85' lang='lat' dir='ltr'><strong>prae</strong></span> <span class='ocrx_word' id='word_1_44' title='bbox 371 847 539 909; x_wconf 83' lang='lat' dir='ltr'><strong>scierunt.</strong></span> <span class='ocrx_word' id='word_1_45' title='bbox 593 843 657 908; x_wconf 92' lang='lat' dir='ltr'><strong>Nec</strong></span> <span class='ocrx_word' id='word_1_46' title='bbox 685 866 777 930; x_wconf 88' lang='lat' dir='ltr'><strong>panca</strong></span> <span class='ocrx_word' id='word_1_47' title='bbox 804 843 1071 908; x_wconf 83' lang='lat' dir='ltr'><strong>Grammaticorum</strong></span> <span class='ocrx_word' id='word_1_48' title='bbox 1095 847 1221 932; x_wconf 82' lang='lat' dir='ltr'><strong>judiciis</strong></span> 
     </span>
     <span class='ocr_line' id='line_1_8' title="bbox 119 946 1008 1033; baseline 0 -23"><span class='ocrx_word' id='word_1_49' title='bbox 119 947 257 1012; x_wconf 84' lang='lat' dir='ltr'><strong>damnata</strong></span> <span class='ocrx_word' id='word_1_50' title='bbox 273 948 390 1033; x_wconf 83' lang='lat' dir='ltr'><strong>jacent,</strong></span> <span class='ocrx_word' id='word_1_51' title='bbox 413 967 487 1030; x_wconf 87' lang='lat' dir='ltr'><strong>quuc</strong></span> <span class='ocrx_word' id='word_1_52' title='bbox 510 946 653 1010; x_wconf 90' lang='lat' dir='ltr'><strong>hocloco</strong></span> <span class='ocrx_word' id='word_1_53' title='bbox 675 947 803 1011; x_wconf 85' lang='lat' dir='ltr'><strong>strictim</strong></span> <span class='ocrx_word' id='word_1_54' title='bbox 825 967 1008 1030; x_wconf 76' lang='lat' dir='ltr'><strong>percurram.</strong></span> 
     </span>
    </p>
   </div>
   <div class='ocr_carea' id='block_1_3' title="bbox 604 1133 710 1220">
    <p class='ocr_par' dir='ltr' id='par_1_3' title="bbox 604 1133 710 1220">
     <span class='ocr_line' id='line_1_9' title="bbox 604 1133 710 1220; baseline -0.009 -21"><span class='ocrx_word' id='word_1_55' title='bbox 604 1135 631 1220; x_wconf 73' lang='grc' dir='ltr'><strong>ς.</strong></span> <span class='ocrx_word' id='word_1_56' title='bbox 658 1133 710 1200; x_wconf 89' lang='grc' dir='ltr'><strong>ιο.</strong></span> 
     </span>
    </p>
   </div>
   <div class='ocr_carea' id='block_1_4' title="bbox 113 1244 1218 2572">
    <p class='ocr_par' dir='ltr' id='par_1_4' title="bbox 113 1244 1218 2572">
     <span class='ocr_line' id='line_1_10' title="bbox 200 1244 1218 1340; baseline -0.001 -18"><span class='ocrx_word' id='word_1_57' title='bbox 200 1244 450 1340; x_wconf 76' lang='grc' dir='ltr'><strong><em>Κνννλανιιάς,</em></strong></span> <span class='ocrx_word' id='word_1_58' title='bbox 481 1254 556 1338; x_wconf 85' lang='lat' dir='ltr'><strong>quod</strong></span> <span class='ocrx_word' id='word_1_59' title='bbox 586 1253 690 1318; x_wconf 87' lang='lat' dir='ltr'><strong>Critioi</strong></span> <span class='ocrx_word' id='word_1_60' title='bbox 719 1253 856 1318; x_wconf 88' lang='lat' dir='ltr'><strong>nonnulli</strong></span> <span class='ocrx_word' id='word_1_61' title='bbox 884 1253 1015 1318; x_wconf 85' lang='lat' dir='ltr'><strong>llomero</strong></span> <span class='ocrx_word' id='word_1_62' title='bbox 1046 1253 1218 1321; x_wconf 83' lang='lat' dir='ltr'><strong>tribuerunt</strong></span> 
     </span>
     <span class='ocr_line' id='line_1_11' title="bbox 115 1353 1217 1443; baseline 0 -20"><span class='ocrx_word' id='word_1_63' title='bbox 115 1355 151 1423; x_wconf 87' lang='lat'><strong>11.</strong></span> <span class='ocrx_word' id='word_1_64' title='bbox 161 1355 262 1438; x_wconf 89' lang='lat' dir='ltr'>XXI.</span> <span class='ocrx_word' id='word_1_65' title='bbox 287 1353 361 1419; x_wconf 82' lang='lat'>575.</span> <span class='ocrx_word' id='word_1_66' title='bbox 399 1356 580 1420; x_wconf 79' lang='lat' dir='ltr'><strong>scholiastae</strong></span> <span class='ocrx_word' id='word_1_67' title='bbox 613 1356 832 1420; x_wconf 85' lang='lat' dir='ltr'><strong>Simonidem</strong></span> <span class='ocrx_word' id='word_1_68' title='bbox 823 1379 856 1441; x_wconf 85' lang='lat'><strong>.¹¹¹</strong></span> <span class='ocrx_word' id='word_1_69' title='bbox 888 1357 1057 1443; x_wconf 83' lang='lat' dir='ltr'><strong>exemplum</strong></span> <span class='ocrx_word' id='word_1_70' title='bbox 1087 1360 1217 1423; x_wconf 79' lang='lat' dir='ltr'><strong>traxisse</strong></span> 
     </span>
     <span class='ocr_line' id='line_1_12' title="bbox 116 1437 1218 1545; baseline 0.001 -21"><span class='ocrx_word' id='word_1_71' title='bbox 116 1468 241 1525; x_wconf 85' lang='lat' dir='ltr'><strong>narrant</strong></span> <span class='ocrx_word' id='word_1_72' title='bbox 262 1459 314 1521; x_wconf 81' lang='lat' dir='ltr'><strong>setl</strong></span> <span class='ocrx_word' id='word_1_73' title='bbox 336 1458 445 1521; x_wconf 85' lang='lat' dir='ltr'><strong>factum</strong></span> <span class='ocrx_word' id='word_1_74' title='bbox 460 1461 643 1544; x_wconf 91' lang='lat' dir='ltr'><strong>improbant·</strong></span> <span class='ocrx_word' id='word_1_75' title='bbox 668 1437 883 1545; x_wconf 73' lang='grc' dir='ltr'><strong><em>στομαλίρινη</em></strong></span> <span class='ocrx_word' id='word_1_76' title='bbox 899 1459 1073 1524; x_wconf 75' lang='lat' dir='ltr'><strong>Aristarcho</strong></span> <span class='ocrx_word' id='word_1_77' title='bbox 1095 1471 1218 1525; x_wconf 92' lang='lat' dir='ltr'><strong>auctore</strong></span> 
     </span>
     <span class='ocr_line' id='line_1_13' title="bbox 114 1557 1217 1684; baseline 0.005 -59"><span class='ocrx_word' id='word_1_78' title='bbox 114 1566 220 1648; x_wconf 85' lang='lat' dir='ltr'><strong>poetae</strong></span> <span class='ocrx_word' id='word_1_79' title='bbox 241 1571 406 1636; x_wconf 75' lang='lat' dir='ltr'><strong>euentum,</strong></span> <span class='ocrx_word' id='word_1_80' title='bbox 430 1583 527 1648; x_wconf 88' lang='lat' dir='ltr'><strong>neque</strong></span> <span class='ocrx_word' id='word_1_81' title='bbox 549 1574 700 1646; x_wconf 87' lang='lat' dir='ltr'><strong>acceptum</strong></span> <span class='ocrx_word' id='word_1_82' title='bbox 730 1573 777 1624; x_wconf 91' lang='lat' dir='ltr'><strong>est</strong></span> <span class='ocrx_word' id='word_1_83' title='bbox 805 1572 959 1684; x_wconf 80' lang='grc' dir='ltr'><strong><em>κοραίπες</em></strong></span> <span class='ocrx_word' id='word_1_84' title='bbox 983 1557 1062 1629; x_wconf 82' lang='grc' dir='ltr'><strong><em>α’νολ</em></strong></span> <span class='ocrx_word' id='word_1_85' title='bbox 1088 1564 1154 1630; x_wconf 77' lang='grc' dir='ltr'><strong>ποῦ</strong></span> <span class='ocrx_word' id='word_1_86' title='bbox 1179 1569 1217 1632; x_wconf 72' lang='grc' dir='ltr'><strong>ἐκ</strong></span> 
     </span>
     <span class='ocr_line' id='line_1_14' title="bbox 115 1658 1216 1752; baseline 0.004 -21"><span class='ocrx_word' id='word_1_87' title='bbox 115 1676 188 1738; x_wconf 78' lang='grc' dir='ltr'><strong><em>τοῖς</em></strong></span> <span class='ocrx_word' id='word_1_88' title='bbox 209 1661 344 1749; x_wconf 76' lang='grc' dir='ltr'><strong>κέρασιν</strong></span> <span class='ocrx_word' id='word_1_89' title='bbox 366 1663 441 1737; x_wconf 76' lang='grc' dir='ltr'><strong><em>ἶπες</em></strong></span> <span class='ocrx_word' id='word_1_90' title='bbox 463 1664 517 1727; x_wconf 84' lang='lat' dir='ltr'><strong>Oh.</strong></span> <span class='ocrx_word' id='word_1_91' title='bbox 541 1663 630 1727; x_wconf 88' lang='lat' dir='ltr'><strong>XXI</strong></span> <span class='ocrx_word' id='word_1_92' title='bbox 653 1663 728 1728; x_wconf 85' lang='grc'><strong>395.</strong></span> <span class='ocrx_word' id='word_1_93' title='bbox 760 1658 863 1727; x_wconf 88' lang='lat' dir='ltr'><strong>Pro&#39;</strong></span> <span class='ocrx_word' id='word_1_94' title='bbox 840 1659 1046 1752; x_wconf 65' lang='lat' dir='ltr'><strong>epponiacus</strong></span> <span class='ocrx_word' id='word_1_95' title='bbox 1073 1677 1105 1731; x_wconf 87' lang='lat' dir='ltr'><strong>et</strong></span> <span class='ocrx_word' id='word_1_96' title='bbox 1139 1661 1216 1735; x_wconf 87' lang='grc' dir='ltr'><strong>οάα</strong></span> 
     </span>
     <span class='ocr_line' id='line_1_15' title="bbox 113 1764 1216 1859; baseline 0.001 -27"><span class='ocrx_word' id='word_1_97' title='bbox 113 1791 193 1859; x_wconf 68' lang='lat' dir='ltr'><strong>ppos</strong></span> <span class='ocrx_word' id='word_1_98' title='bbox 211 1767 279 1852; x_wconf 85' lang='lat' dir='ltr'><strong>quid</strong></span> <span class='ocrx_word' id='word_1_99' title='bbox 299 1765 391 1831; x_wconf 85' lang='lat' dir='ltr'><strong>Attici</strong></span> <span class='ocrx_word' id='word_1_100' title='bbox 416 1766 608 1851; x_wconf 88' lang='lat' dir='ltr'><strong>probaverint</strong></span> <span class='ocrx_word' id='word_1_101' title='bbox 628 1764 815 1850; x_wconf 88' lang='lat' dir='ltr'><strong>Phrynichus</strong></span> <span class='ocrx_word' id='word_1_102' title='bbox 838 1766 923 1830; x_wconf 88' lang='lat' dir='ltr'><strong>dccet</strong></span> <span class='ocrx_word' id='word_1_103' title='bbox 945 1769 1106 1851; x_wconf 78' lang='lat' dir='ltr'><strong>eademque</strong></span> <span class='ocrx_word' id='word_1_104' title='bbox 1127 1790 1216 1855; x_wconf 87' lang='lat' dir='ltr'><strong>opera</strong></span> 
     </span>
     <span class='ocr_line' id='line_1_16' title="bbox 115 1867 1217 1956; baseline 0.001 -22"><span class='ocrx_word' id='word_1_105' title='bbox 115 1872 268 1955; x_wconf 84' lang='lat' dir='ltr'><strong>ingentem</strong></span> <span class='ocrx_word' id='word_1_106' title='bbox 291 1881 441 1933; x_wconf 87' lang='lat' dir='ltr'><strong>catervam</strong></span> <span class='ocrx_word' id='word_1_107' title='bbox 464 1868 615 1932; x_wconf 90' lang='lat' dir='ltr'><strong>nominum</strong></span> <span class='ocrx_word' id='word_1_108' title='bbox 645 1867 785 1932; x_wconf 89' lang='lat' dir='ltr'><strong>similiter</strong></span> <span class='ocrx_word' id='word_1_109' title='bbox 807 1870 1035 1952; x_wconf 89' lang='lat' dir='ltr'><strong>compositorum</strong></span> <span class='ocrx_word' id='word_1_110' title='bbox 1064 1872 1217 1956; x_wconf 81' lang='lat' dir='ltr'><strong>proculcat</strong></span> 
     </span>
     <span class='ocr_line' id='line_1_17' title="bbox 115 1962 1215 2058; baseline 0.007 -24"><span class='ocrx_word' id='word_1_111' title='bbox 115 1982 147 2034; x_wconf 92' lang='lat' dir='ltr'><strong>et</strong></span> <span class='ocrx_word' id='word_1_112' title='bbox 162 1970 293 2055; x_wconf 84' lang='lat' dir='ltr'><strong>jugulat.</strong></span> <span class='ocrx_word' id='word_1_113' title='bbox 338 1970 511 2033; x_wconf 86' lang='lat' dir='ltr'><strong>Eustathius</strong></span> <span class='ocrx_word' id='word_1_114' title='bbox 533 1993 562 2053; x_wconf 94' lang='lat' dir='ltr'><strong>p.</strong></span> <span class='ocrx_word' id='word_1_115' title='bbox 584 1968 679 2046; x_wconf 81' lang='grc'><strong>1944,</strong></span> <span class='ocrx_word' id='word_1_116' title='bbox 703 1969 734 2033; x_wconf 92' lang='grc'><strong>7.</strong></span> <span class='ocrx_word' id='word_1_117' title='bbox 758 1962 783 2055; x_wconf 80' lang='grc' dir='ltr'><em>ἤ</em></span> <span class='ocrx_word' id='word_1_118' title='bbox 805 1967 906 2058; x_wconf 75' lang='grc' dir='ltr'><strong><em>άγρία</em></strong></span> <span class='ocrx_word' id='word_1_119' title='bbox 928 1975 1038 2047; x_wconf 79' lang='grc' dir='ltr'><strong><em>ἔλαιος</em></strong></span> <span class='ocrx_word' id='word_1_120' title='bbox 1056 1972 1142 2041; x_wconf 76' lang='grc' dir='ltr'><strong><em>κακά</em></strong></span> <span class='ocrx_word' id='word_1_121' title='bbox 1154 1975 1215 2042; x_wconf 84' lang='grc' dir='ltr'><strong>Αἴ-</strong></span> 
     </span>
     <span class='ocr_line' id='line_1_18' title="bbox 114 2065 1217 2161; baseline 0.002 -22"><span class='ocrx_word' id='word_1_122' title='bbox 114 2073 189 2139; x_wconf 88' lang='grc' dir='ltr'><strong><em>λιον</em></strong></span> <span class='ocrx_word' id='word_1_123' title='bbox 208 2065 390 2139; x_wconf 80' lang='grc' dir='ltr'><strong><em>Διονύσιον</em></strong></span> <span class='ocrx_word' id='word_1_124' title='bbox 411 2073 496 2150; x_wconf 87' lang='lat' dir='ltr'><strong>(adde</strong></span> <span class='ocrx_word' id='word_1_125' title='bbox 520 2066 666 2161; x_wconf 83' lang='grc' dir='ltr'><strong><em>κάτινος)</em></strong></span> <span class='ocrx_word' id='word_1_126' title='bbox 688 2072 744 2138; x_wconf 85' lang='grc' dir='ltr'><strong>καλ</strong></span> <span class='ocrx_word' id='word_1_127' title='bbox 773 2069 834 2138; x_wconf 77' lang='grc' dir='ltr'><strong>οὐκ</strong></span> <span class='ocrx_word' id='word_1_128' title='bbox 862 2071 1060 2161; x_wconf 75' lang='grc' dir='ltr'><strong><em>οἵγριέλαιος.</em></strong></span> <span class='ocrx_word' id='word_1_129' title='bbox 1105 2076 1217 2141; x_wconf 88' lang='lat' dir='ltr'><strong>Moeris</strong></span> 
     </span>
     <span class='ocr_line' id='line_1_19' title="bbox 114 2169 1217 2265; baseline 0.003 -26"><span class='ocrx_word' id='word_1_130' title='bbox 114 2171 339 2258; x_wconf 78' lang='grc' dir='ltr'><strong><em>Μελίκρατον</em></strong></span> <span class='ocrx_word' id='word_1_131' title='bbox 353 2169 505 2253; x_wconf 65' lang='lat' dir='ltr'><strong>dvocabo,</strong></span> <span class='ocrx_word' id='word_1_132' title='bbox 529 2169 679 2261; x_wconf 75' lang='grc' dir='ltr'><strong><em>οἰνόμελι</em></strong></span> <span class='ocrx_word' id='word_1_133' title='bbox 698 2173 753 2241; x_wconf 86' lang='grc' dir='ltr'><strong>καλ</strong></span> <span class='ocrx_word' id='word_1_134' title='bbox 770 2171 928 2261; x_wconf 76' lang='grc' dir='ltr'><strong><em>άδρόμελι</em></strong></span> <span class='ocrx_word' id='word_1_135' title='bbox 944 2177 1138 2262; x_wconf 77' lang='grc' dir='ltr'><strong><em>ἑλληνικῶς,</em></strong></span> <span class='ocrx_word' id='word_1_136' title='bbox 1161 2201 1217 2265; x_wconf 86' lang='lat' dir='ltr'><strong>quo</strong></span> 
     </span>
     <span class='ocr_line' id='line_1_20' title="bbox 115 2266 1217 2363; baseline 0.005 -22"><span class='ocrx_word' id='word_1_137' title='bbox 115 2277 249 2341; x_wconf 66' lang='lat' dir='ltr'><strong>edictos</strong></span> <span class='ocrx_word' id='word_1_138' title='bbox 234 2266 416 2362; x_wconf 77' lang='grc' dir='ltr'><strong><em>ἐλαιάμελι,</em></strong></span> <span class='ocrx_word' id='word_1_139' title='bbox 438 2270 653 2363; x_wconf 80' lang='grc' dir='ltr'><strong><em>ὀμφακάμολι</em></strong></span> <span class='ocrx_word' id='word_1_140' title='bbox 677 2287 708 2340; x_wconf 92' lang='lat' dir='ltr'><strong>et</strong></span> <span class='ocrx_word' id='word_1_141' title='bbox 729 2290 830 2343; x_wconf 87' lang='lat' dir='ltr'><strong>cetera</strong></span> <span class='ocrx_word' id='word_1_142' title='bbox 851 2279 1042 2363; x_wconf 88' lang='lat' dir='ltr'><strong>rejiciuntur.</strong></span> <span class='ocrx_word' id='word_1_143' title='bbox 1085 2280 1217 2347; x_wconf 83' lang='lat' dir='ltr'><strong>Galenus</strong></span> 
     </span>
     <span class='ocr_line' id='line_1_21' title="bbox 113 2379 1217 2499; baseline 0.008 -57.016"><span class='ocrx_word' id='word_1_144' title='bbox 113 2381 151 2455; x_wconf 84' lang='lat' dir='ltr'><strong>(le</strong></span> <span class='ocrx_word' id='word_1_145' title='bbox 175 2380 262 2444; x_wconf 88' lang='lat' dir='ltr'><strong>Suco.</strong></span> <span class='ocrx_word' id='word_1_146' title='bbox 287 2382 370 2463; x_wconf 93' lang='lat' dir='ltr'><strong>prob.</strong></span> <span class='ocrx_word' id='word_1_147' title='bbox 395 2379 447 2443; x_wconf 91' lang='lat' dir='ltr'><strong>lV.</strong></span> <span class='ocrx_word' id='word_1_148' title='bbox 472 2379 546 2444; x_wconf 87' lang='grc'><strong>779</strong></span> <span class='ocrx_word' id='word_1_149' title='bbox 571 2379 671 2444; x_wconf 89' lang='lat' dir='ltr'>T..Vl</span> <span class='ocrx_word' id='word_1_150' title='bbox 694 2385 784 2456; x_wconf 76' lang='grc' dir='ltr'><strong><em>τινὲς</em></strong></span> <span class='ocrx_word' id='word_1_151' title='bbox 805 2380 872 2448; x_wconf 78' lang='grc' dir='ltr'><strong>πάν</strong></span> <span class='ocrx_word' id='word_1_152' title='bbox 896 2379 1068 2499; x_wconf 79' lang='grc' dir='ltr'><strong><em>νεωτέραν</em></strong></span> <span class='ocrx_word' id='word_1_153' title='bbox 1087 2384 1217 2468; x_wconf 77' lang='grc' dir='ltr'><strong><em>ἰατρῶν</em></strong></span> 
     </span>
     <span class='ocr_line' id='line_1_22' title="bbox 115 2474 1217 2572; baseline 0.004 -23"><span class='ocrx_word' id='word_1_154' title='bbox 115 2477 153 2550; x_wconf 76' lang='grc' dir='ltr'><strong>ἐν</strong></span> <span class='ocrx_word' id='word_1_155' title='bbox 171 2481 325 2570; x_wconf 79' lang='grc' dir='ltr'><strong><em>οννθένηι</em></strong></span> <span class='ocrx_word' id='word_1_156' title='bbox 350 2480 554 2571; x_wconf 80' lang='grc' dir='ltr'><strong><em>προςηγορίᾳ</em></strong></span> <span class='ocrx_word' id='word_1_157' title='bbox 579 2481 886 2572; x_wconf 77' lang='grc' dir='ltr'><strong><em>φοινικοβαλάνους</em></strong></span> <span class='ocrx_word' id='word_1_158' title='bbox 906 2474 1133 2568; x_wconf 74' lang='grc' dir='ltr'><strong><em>ὀνομάζουσιν</em></strong></span> <span class='ocrx_word' id='word_1_159' title='bbox 1153 2480 1217 2553; x_wconf 81' lang='lat' dir='ltr'><strong>uai-</strong></span> 
     </span>
    </p>
   </div>
   <div class='ocr_carea' id='block_1_5' title="bbox 113 2550 1215 2777">
    <p class='ocr_par' dir='ltr' id='par_1_5' title="bbox 113 2550 1215 2777">
     <span class='ocr_line' id='line_1_23' title="bbox 113 2550 1215 2677; baseline -0.002 -25"><span class='ocrx_word' id='word_1_160' title='bbox 113 2580 205 2677; x_wconf 63' lang='lat' dir='ltr'><strong>cotia</strong></span> <span class='ocrx_word' id='word_1_161' title='bbox 231 2550 320 2652; x_wconf 73' lang='grc' dir='ltr'><strong><em>ολιλλ</em></strong></span> <span class='ocrx_word' id='word_1_162' title='bbox 306 2587 478 2654; x_wconf 75' lang='grc' dir='ltr'><strong><em>ὲπαλαιολ</em></strong></span> <span class='ocrx_word' id='word_1_163' title='bbox 494 2582 655 2674; x_wconf 83' lang='grc' dir='ltr'><strong><em>Έλληνες</em></strong></span> <span class='ocrx_word' id='word_1_164' title='bbox 675 2611 840 2674; x_wconf 84' lang='grc' dir='ltr'><strong><em>φοινικαν</em></strong></span> <span class='ocrx_word' id='word_1_165' title='bbox 862 2577 1047 2674; x_wconf 75' lang='grc' dir='ltr'><strong><em>βαλάνους.</em></strong></span> <span class='ocrx_word' id='word_1_166' title='bbox 1090 2586 1215 2675; x_wconf 81' lang='lat' dir='ltr'><strong>Anony-</strong></span> 
     </span>
     <span class='ocr_line' id='line_1_24' title="bbox 113 2686 1213 2777; baseline 0.005 -28"><span class='ocrx_word' id='word_1_167' title='bbox 113 2708 179 2761; x_wconf 82' lang='lat' dir='ltr'><strong>unns</strong></span> <span class='ocrx_word' id='word_1_168' title='bbox 202 2689 238 2750; x_wconf 91' lang='lat' dir='ltr'><strong>de</strong></span> <span class='ocrx_word' id='word_1_169' title='bbox 260 2688 478 2750; x_wconf 83' lang='lat' dir='ltr'><strong>barbarism.</strong></span> <span class='ocrx_word' id='word_1_170' title='bbox 470 2709 501 2749; x_wconf 90' lang='grc' dir='ltr'><strong>ιιι</strong></span> <span class='ocrx_word' id='word_1_171' title='bbox 522 2689 636 2750; x_wconf 86' lang='lat' dir='ltr'><strong>Anecd.</strong></span> <span class='ocrx_word' id='word_1_172' title='bbox 661 2689 798 2751; x_wconf 83' lang='lat' dir='ltr'><strong>Roisson.</strong></span> <span class='ocrx_word' id='word_1_173' title='bbox 830 2689 866 2748; x_wconf 89' lang='grc' dir='ltr'><strong>Τ.</strong></span> <span class='ocrx_word' id='word_1_174' title='bbox 890 2687 941 2749; x_wconf 92' lang='lat' dir='ltr'><strong>lll.</strong></span> <span class='ocrx_word' id='word_1_175' title='bbox 965 2686 1040 2752; x_wconf 79' lang='lat'>239.</span> <span class='ocrx_word' id='word_1_176' title='bbox 1073 2688 1213 2777; x_wconf 82' lang='grc' dir='ltr'><strong><em>περλ“</em></strong></span> <span class='ocrx_word' id='word_1_177' title='bbox 1171 2717 1213 2759; x_wconf 81' lang='grc' dir='ltr'><strong>τοι</strong></span> 
     </span>
    </p>
   </div>
   <div class='ocr_carea' id='block_1_6' title="bbox 82 2779 1215 4110">
    <p class='ocr_par' dir='ltr' id='par_1_6' title="bbox 82 2779 1215 4110">
     <span class='ocr_line' id='line_1_25' title="bbox 114 2779 1215 2878; baseline -0.004 -27"><span class='ocrx_word' id='word_1_178' title='bbox 114 2783 270 2877; x_wconf 78' lang='grc' dir='ltr'><strong><em>σχήματα</em></strong></span> <span class='ocrx_word' id='word_1_179' title='bbox 292 2785 533 2865; x_wconf 81' lang='grc' dir='ltr'><strong><em>σολοικίζονοιν</em></strong></span> <span class='ocrx_word' id='word_1_180' title='bbox 553 2791 586 2850; x_wconf 86' lang='grc' dir='ltr'><strong>οἱ</strong></span> <span class='ocrx_word' id='word_1_181' title='bbox 607 2785 761 2870; x_wconf 74' lang='grc' dir='ltr'><strong><em>λέγοντες</em></strong></span> <span class='ocrx_word' id='word_1_182' title='bbox 781 2779 938 2874; x_wconf 79' lang='grc' dir='ltr'><strong>ὅναγρον.</strong></span> <span class='ocrx_word' id='word_1_183' title='bbox 990 2788 1042 2856; x_wconf 71' lang='lat' dir='ltr'><strong>To*</strong></span> <span class='ocrx_word' id='word_1_184' title='bbox 1056 2789 1121 2878; x_wconf 59' lang='grc' dir='ltr'><strong>γάρ</strong></span> <span class='ocrx_word' id='word_1_185' title='bbox 1139 2789 1215 2861; x_wconf 61' lang='grc' dir='ltr'><strong>σύμ.</strong></span> 
     </span>
     <span class='ocr_line' id='line_1_26' title="bbox 111 2883 1212 2982; baseline 0.007 -28"><span class='ocrx_word' id='word_1_186' title='bbox 111 2896 200 2957; x_wconf 76' lang='grc' dir='ltr'><strong><em>θετα</em></strong></span> <span class='ocrx_word' id='word_1_187' title='bbox 222 2892 257 2953; x_wconf 77' lang='grc' dir='ltr'><strong>ἐκ</strong></span> <span class='ocrx_word' id='word_1_188' title='bbox 276 2885 464 2975; x_wconf 72' lang='grc' dir='ltr'><strong><em>διαιρέσεως</em></strong></span> <span class='ocrx_word' id='word_1_189' title='bbox 476 2885 704 2973; x_wconf 81' lang='grc' dir='ltr'><strong><em>προφέρονται</em></strong></span> <span class='ocrx_word' id='word_1_190' title='bbox 716 2883 872 2954; x_wconf 74' lang='grc' dir='ltr'><strong>Ἀττικοί.</strong></span> <span class='ocrx_word' id='word_1_191' title='bbox 918 2890 1068 2957; x_wconf 83' lang='lat' dir='ltr'><strong>Lucienus</strong></span> <span class='ocrx_word' id='word_1_192' title='bbox 1083 2894 1212 2982; x_wconf 86' lang='lat' dir='ltr'><strong>Lexiph.</strong></span> 
     </span>
     <span class='ocr_line' id='line_1_27' title="bbox 112 2982 1214 3084; baseline 0.01 -31"><span class='ocrx_word' id='word_1_193' title='bbox 112 2992 142 3076; x_wconf 70' lang='lat'><strong>§-</strong></span> <span class='ocrx_word' id='word_1_194' title='bbox 165 2989 198 3053; x_wconf 82' lang='lat'><strong>4.</strong></span> <span class='ocrx_word' id='word_1_195' title='bbox 221 2982 401 3076; x_wconf 74' lang='grc' dir='ltr'><strong><em>ὀρθοπάλη</em></strong></span> <span class='ocrx_word' id='word_1_196' title='bbox 420 2990 622 3074; x_wconf 85' lang='lat' dir='ltr'><strong>reprehendit,</strong></span> <span class='ocrx_word' id='word_1_197' title='bbox 646 2991 742 3084; x_wconf 57' lang='lat' dir='ltr'><strong>quod,</strong></span> <span class='ocrx_word' id='word_1_198' title='bbox 763 3003 797 3055; x_wconf 90' lang='lat' dir='ltr'><strong>ut</strong></span> <span class='ocrx_word' id='word_1_199' title='bbox 818 2982 1092 3083; x_wconf 87' lang='grc' dir='ltr'><strong><em>άνακλινοπάλη,</em></strong></span> <span class='ocrx_word' id='word_1_200' title='bbox 1116 3019 1214 3065; x_wconf 78' lang='lat' dir='ltr'><strong>encu-</strong></span> 
     </span>
     <span class='ocr_line' id='line_1_28' title="bbox 112 3092 1215 3180; baseline 0.007 -21"><span class='ocrx_word' id='word_1_201' title='bbox 112 3093 258 3159; x_wconf 85' lang='lat' dir='ltr'><strong>sationem</strong></span> <span class='ocrx_word' id='word_1_202' title='bbox 285 3092 372 3157; x_wconf 89' lang='lat' dir='ltr'><strong>babet</strong></span> <span class='ocrx_word' id='word_1_203' title='bbox 394 3103 533 3176; x_wconf 88' lang='lat' dir='ltr'><strong>tanquam</strong></span> <span class='ocrx_word' id='word_1_204' title='bbox 554 3094 728 3159; x_wconf 87' lang='lat' dir='ltr'><strong>vocabulum</strong></span> <span class='ocrx_word' id='word_1_205' title='bbox 753 3095 839 3169; x_wconf 87' lang='lat' dir='ltr'><strong>artis,</strong></span> <span class='ocrx_word' id='word_1_206' title='bbox 863 3097 993 3180; x_wconf 86' lang='lat' dir='ltr'><strong>antiquis</strong></span> <span class='ocrx_word' id='word_1_207' title='bbox 1015 3109 1114 3165; x_wconf 67' lang='lat' dir='ltr'><strong>umen</strong></span> <span class='ocrx_word' id='word_1_208' title='bbox 1140 3123 1215 3169; x_wconf 83' lang='lat' dir='ltr'><strong>neu·</strong></span> 
     </span>
     <span class='ocr_line' id='line_1_29' title="bbox 111 3192 1214 3286; baseline 0.007 -25"><span class='ocrx_word' id='word_1_209' title='bbox 111 3206 192 3261; x_wconf 70' lang='lat' dir='ltr'><strong>unm</strong></span> <span class='ocrx_word' id='word_1_210' title='bbox 220 3196 362 3260; x_wconf 88' lang='lat' dir='ltr'><strong>usitatum</strong></span> <span class='ocrx_word' id='word_1_211' title='bbox 392 3217 428 3260; x_wconf 86' lang='lat' dir='ltr'><strong>ac</strong></span> <span class='ocrx_word' id='word_1_212' title='bbox 460 3218 514 3282; x_wconf 93' lang='lat' dir='ltr'><strong>pro</strong></span> <span class='ocrx_word' id='word_1_213' title='bbox 543 3195 595 3260; x_wconf 93' lang='lat' dir='ltr'><strong>illo</strong></span> <span class='ocrx_word' id='word_1_214' title='bbox 627 3192 716 3284; x_wconf 75' lang='grc' dir='ltr'><strong><em>ὀρθη</em></strong></span> <span class='ocrx_word' id='word_1_215' title='bbox 744 3192 835 3286; x_wconf 83' lang='grc' dir='ltr'><strong><em>πάλη</em></strong></span> <span class='ocrx_word' id='word_1_216' title='bbox 865 3200 975 3264; x_wconf 88' lang='lat' dir='ltr'><strong>dictum</strong></span> <span class='ocrx_word' id='word_1_217' title='bbox 1004 3213 1061 3267; x_wconf 89' lang='lat' dir='ltr'><strong>est.</strong></span> <span class='ocrx_word' id='word_1_218' title='bbox 1107 3202 1214 3269; x_wconf 83' lang='lat' dir='ltr'><strong>Suidas</strong></span> 
     </span>
     <span class='ocr_line' id='line_1_30' title="bbox 107 3290 1215 3394; baseline 0.005 -30.018"><span class='ocrx_word' id='word_1_219' title='bbox 107 3290 295 3386; x_wconf 77' lang='lat' dir='ltr'><strong>¹&#39;Aptapti‘</strong></span> <span class='ocrx_word' id='word_1_220' title='bbox 271 3312 373 3385; x_wconf 80' lang='grc' dir='ltr'><strong><em>ημεις</em></strong></span> <span class='ocrx_word' id='word_1_221' title='bbox 397 3291 563 3386; x_wconf 81' lang='grc' dir='ltr'><strong><em>παράμην</em></strong></span> <span class='ocrx_word' id='word_1_222' title='bbox 584 3294 646 3366; x_wconf 79' lang='lat' dir='ltr'><strong>caia</strong></span> <span class='ocrx_word' id='word_1_223' title='bbox 671 3296 793 3388; x_wconf 75' lang='grc' dir='ltr'><strong>ὀρθῶς.</strong></span> <span class='ocrx_word' id='word_1_224' title='bbox 845 3302 998 3367; x_wconf 87' lang='lat' dir='ltr'><strong>Polluxl.</strong></span> <span class='ocrx_word' id='word_1_225' title='bbox 1025 3302 1096 3368; x_wconf 85' lang='lat'>103.</span> <span class='ocrx_word' id='word_1_226' title='bbox 1122 3308 1215 3394; x_wconf 78' lang='grc' dir='ltr'><strong><em>εἴρη-</em></strong></span> 
     </span>
     <span class='ocr_line' id='line_1_31' title="bbox 111 3389 1213 3498; baseline 0.004 -28"><span class='ocrx_word' id='word_1_227' title='bbox 111 3401 267 3471; x_wconf 76' lang='lat' dir='ltr'><strong>saecul</strong></span> <span class='ocrx_word' id='word_1_228' title='bbox 255 3389 438 3498; x_wconf 79' lang='grc' dir='ltr'><strong><em>ιοκιοκάπη</em></strong></span> <span class='ocrx_word' id='word_1_229' title='bbox 457 3403 557 3470; x_wconf 81' lang='grc' dir='ltr'><strong><em>πλεῖν</em></strong></span> <span class='ocrx_word' id='word_1_230' title='bbox 576 3400 660 3471; x_wconf 84' lang='grc' dir='ltr'><strong><em>άλλα</em></strong></span> <span class='ocrx_word' id='word_1_231' title='bbox 682 3404 818 3492; x_wconf 80' lang='grc' dir='ltr'><strong><em>βελτιον</em></strong></span> <span class='ocrx_word' id='word_1_232' title='bbox 838 3403 973 3492; x_wconf 81' lang='grc' dir='ltr'><strong><em>εἰρεσίᾳ,</em></strong></span> <span class='ocrx_word' id='word_1_233' title='bbox 996 3407 1031 3471; x_wconf 86' lang='lat' dir='ltr'><strong>de</strong></span> <span class='ocrx_word' id='word_1_234' title='bbox 1054 3429 1112 3491; x_wconf 81' lang='lat' dir='ltr'><strong>quo</strong></span> <span class='ocrx_word' id='word_1_235' title='bbox 1134 3408 1213 3474; x_wconf 84' lang='lat' dir='ltr'><strong>idem</strong></span> 
     </span>
     <span class='ocr_line' id='line_1_32' title="bbox 109 3499 1212 3596; baseline 0.005 -25"><span class='ocrx_word' id='word_1_236' title='bbox 109 3505 211 3582; x_wconf 78' lang='lat' dir='ltr'><strong>valet3</strong></span> <span class='ocrx_word' id='word_1_237' title='bbox 234 3526 291 3569; x_wconf 91' lang='lat' dir='ltr'><strong>nec</strong></span> <span class='ocrx_word' id='word_1_238' title='bbox 313 3505 421 3570; x_wconf 83' lang='lat' dir='ltr'><strong>similia</strong></span> <span class='ocrx_word' id='word_1_239' title='bbox 442 3499 595 3595; x_wconf 86' lang='grc' dir='ltr'><strong><em>οἰνοχόη,</em></strong></span> <span class='ocrx_word' id='word_1_240' title='bbox 624 3507 854 3596; x_wconf 51' lang='grc' dir='ltr'><strong><em>γνιοπέδημι</em></strong></span> <span class='ocrx_word' id='word_1_241' title='bbox 836 3510 1027 3573; x_wconf 90' lang='lat' dir='ltr'><strong>aveteribus</strong></span> <span class='ocrx_word' id='word_1_242' title='bbox 1051 3509 1212 3589; x_wconf 74' lang='lat' dir='ltr'><strong>declinate,</strong></span> 
     </span>
     <span class='ocr_line' id='line_1_33' title="bbox 110 3607 1213 3696; baseline 0.005 -24"><span class='ocrx_word' id='word_1_243' title='bbox 110 3607 160 3694; x_wconf 79' lang='lat' dir='ltr'><strong>qui</strong></span> <span class='ocrx_word' id='word_1_244' title='bbox 183 3608 255 3673; x_wconf 90' lang='lat' dir='ltr'><strong>baec</strong></span> <span class='ocrx_word' id='word_1_245' title='bbox 280 3607 547 3672; x_wconf 90' lang='lat' dir='ltr'><strong>instrumentorum</strong></span> <span class='ocrx_word' id='word_1_246' title='bbox 567 3611 686 3674; x_wconf 89' lang='lat' dir='ltr'><strong>nomina</strong></span> <span class='ocrx_word' id='word_1_247' title='bbox 701 3612 858 3675; x_wconf 83' lang='lat' dir='ltr'><strong>immutare</strong></span> <span class='ocrx_word' id='word_1_248' title='bbox 874 3632 932 3675; x_wconf 94' lang='lat' dir='ltr'><strong>non</strong></span> <span class='ocrx_word' id='word_1_249' title='bbox 947 3622 1119 3696; x_wconf 90' lang='lat' dir='ltr'><strong>potuerunt,</strong></span> <span class='ocrx_word' id='word_1_250' title='bbox 1143 3635 1213 3678; x_wconf 93' lang='lat' dir='ltr'><strong>nam</strong></span> 
     </span>
     <span class='ocr_line' id='line_1_34' title="bbox 108 3707 1214 3798; baseline 0.004 -21"><span class='ocrx_word' id='word_1_251' title='bbox 108 3707 304 3798; x_wconf 75' lang='grc' dir='ltr'><strong><em>άλρορροΐα,</em></strong></span> <span class='ocrx_word' id='word_1_252' title='bbox 326 3709 502 3798; x_wconf 68' lang='lat' dir='ltr'><strong>potamum</strong></span> <span class='ocrx_word' id='word_1_253' title='bbox 529 3711 620 3776; x_wconf 89' lang='lat' dir='ltr'><strong>alium</strong></span> <span class='ocrx_word' id='word_1_254' title='bbox 641 3714 786 3778; x_wconf 90' lang='lat' dir='ltr'><strong>haberent</strong></span> <span class='ocrx_word' id='word_1_255' title='bbox 805 3713 989 3778; x_wconf 89' lang='lat' dir='ltr'><strong>intellectum</strong></span> <span class='ocrx_word' id='word_1_256' title='bbox 1012 3714 1062 3778; x_wconf 83' lang='lat' dir='ltr'><strong>vel</strong></span> <span class='ocrx_word' id='word_1_257' title='bbox 1083 3716 1214 3782; x_wconf 81' lang='lat' dir='ltr'><strong>notionis</strong></span> 
     </span>
     <span class='ocr_line' id='line_1_35' title="bbox 110 3811 1213 3907; baseline 0.009 -33"><span class='ocrx_word' id='word_1_258' title='bbox 110 3822 145 3875; x_wconf 87' lang='lat' dir='ltr'><strong>nt</strong></span> <span class='ocrx_word' id='word_1_259' title='bbox 163 3811 368 3901; x_wconf 73' lang='grc' dir='ltr'><strong><em>αἱμορροία,</em></strong></span> <span class='ocrx_word' id='word_1_260' title='bbox 397 3814 448 3877; x_wconf 88' lang='lat' dir='ltr'><strong>vel</strong></span> <span class='ocrx_word' id='word_1_261' title='bbox 474 3814 533 3878; x_wconf 92' lang='lat' dir='ltr'><strong>loci</strong></span> <span class='ocrx_word' id='word_1_262' title='bbox 562 3825 596 3879; x_wconf 88' lang='lat' dir='ltr'><strong>ut</strong></span> <span class='ocrx_word' id='word_1_263' title='bbox 615 3812 841 3907; x_wconf 80' lang='grc' dir='ltr'><strong><em>μιλτοιρνχίοι,</em></strong></span> <span class='ocrx_word' id='word_1_264' title='bbox 864 3813 1062 3901; x_wconf 79' lang='grc' dir='ltr'><strong><em>λὀοιποτρία,</em></strong></span> <span class='ocrx_word' id='word_1_265' title='bbox 1081 3820 1159 3902; x_wconf 88' lang='lat' dir='ltr'><strong>quod</strong></span> <span class='ocrx_word' id='word_1_266' title='bbox 1181 3829 1213 3884; x_wconf 89' lang='lat' dir='ltr'><strong>et</strong></span> 
     </span>
     <span class='ocr_line' id='line_1_36' title="bbox 82 3912 1213 4010; baseline 0.009 -32"><span class='ocrx_word' id='word_1_267' title='bbox 82 3991 85 3996; x_wconf 21' lang='grc' dir='ltr'>Ι</span> <span class='ocrx_word' id='word_1_268' title='bbox 109 3912 279 4005; x_wconf 78' lang='grc' dir='ltr'><strong><em>λεαπέτρα</em></strong></span> <span class='ocrx_word' id='word_1_269' title='bbox 299 3916 441 3983; x_wconf 87' lang='lat' dir='ltr'><strong>scribitur</strong></span> <span class='ocrx_word' id='word_1_270' title='bbox 464 3941 497 3983; x_wconf 86' lang='lat' dir='ltr'><strong>v.</strong></span> <span class='ocrx_word' id='word_1_271' title='bbox 520 3916 707 4004; x_wconf 83' lang='lat' dir='ltr'><strong>Wesseling.</strong></span> <span class='ocrx_word' id='word_1_272' title='bbox 734 3919 770 3983; x_wconf 83' lang='lat' dir='ltr'><strong>ud</strong></span> <span class='ocrx_word' id='word_1_273' title='bbox 791 3918 878 3983; x_wconf 84' lang='lat' dir='ltr'><strong>Diotl.</strong></span> <span class='ocrx_word' id='word_1_274' title='bbox 901 3917 954 3981; x_wconf 89' lang='lat' dir='ltr'><strong>lll.</strong></span> <span class='ocrx_word' id='word_1_275' title='bbox 980 3917 1032 3999; x_wconf 79' lang='lat'><strong>15,</strong></span> <span class='ocrx_word' id='word_1_276' title='bbox 1056 3918 1132 3986; x_wconf 81' lang='lat'>490.</span> <span class='ocrx_word' id='word_1_277' title='bbox 1156 3924 1213 4010; x_wconf 81' lang='grc' dir='ltr'><strong>ῥι-</strong></span> 
     </span>
     <span class='ocr_line' id='line_1_37' title="bbox 109 4017 1213 4110; baseline 0.005 -26"><span class='ocrx_word' id='word_1_278' title='bbox 109 4017 265 4107; x_wconf 78' lang='grc' dir='ltr'><strong>ζαννχία.</strong></span> <span class='ocrx_word' id='word_1_279' title='bbox 318 4020 376 4086; x_wconf 83' lang='lat' dir='ltr'><strong>Sel</strong></span> <span class='ocrx_word' id='word_1_280' title='bbox 406 4041 481 4105; x_wconf 89' lang='lat' dir='ltr'><strong>quae</strong></span> <span class='ocrx_word' id='word_1_281' title='bbox 510 4018 587 4087; x_wconf 84' lang='lat' dir='ltr'><strong>bunc</strong></span> <span class='ocrx_word' id='word_1_282' title='bbox 615 4022 841 4088; x_wconf 77' lang='lat' dir='ltr'><strong>excusationem</strong></span> <span class='ocrx_word' id='word_1_283' title='bbox 871 4041 933 4086; x_wconf 87' lang='lat' dir='ltr'><strong>non</strong></span> <span class='ocrx_word' id='word_1_284' title='bbox 961 4019 1090 4101; x_wconf 91' lang='lat' dir='ltr'><strong>habent,</strong></span> <span class='ocrx_word' id='word_1_285' title='bbox 1119 4044 1213 4110; x_wconf 76' lang='lat' dir='ltr'><strong>aegre</strong></span> 
     </span>
    </p>
   </div>
   <div class='ocr_carea' id='block_1_7' title="bbox 0 0 1272 4492">
    <p class='ocr_par' dir='ltr' id='par_1_7' title="bbox 0 0 1272 4492">
     <span class='ocr_line' id='line_1_38' title="bbox 0 0 1272 4492; baseline 0 1"><span class='ocrx_word' id='word_1_286' title='bbox 0 0 1272 4492; x_wconf 95' lang='lat' dir='ltr'><strong> </strong></span> 
     </span>
    </p>
   </div>
  </div>
 </body>
</html>
