2534 4492
118 164 193 235 m
386 196 395 225 t
481 159 801 231 utssuttrtrto
829 162 870 232 V.

119 344 204 420 θιδς
224 344 296 434 θεῷ
316 339 610 430 οἷνσιτπαγμίνος.
654 339 748 426 Cujus
767 342 814 407 rei
835 353 868 407 et
888 343 1021 428 gravitas
1046 356 1077 411 et
1098 342 1224 411 ‹lilllunl-

107 460 168 513 -ω
188 447 272 511 nulle
298 468 333 511 re
359 448 454 531 magis
479 444 677 529 intelligitur,
707 464 793 528 quem
821 445 895 511 louis
918 447 1055 530 ambigue
1082 448 1221 530 nunptios

118 545 243 640 χρύσεα
264 547 300 615 δι’
319 544 376 636 σφ’
391 546 460 615 ὑπὸ
481 545 591 614 ιιιίιιλα
604 544 693 630 θῆιιο
709 545 745 609 II.
761 547 873 612 XVIII.
890 546 966 612 375.
991 550 1040 612 ubi
1058 548 1225 615 Scholiasta

111 655 209 727 -ιινλς
229 647 288 738 ὑφ’
309 651 348 718 ἓν
370 648 413 725 οἷς
434 643 623 726 ιίποπόδια,
652 668 711 733 quo
735 649 832 733 robus
859 661 905 714 est
933 650 1103 735 exemplum
1127 648 1226 739 πορί-

119 754 256 834 ενιιλος,
278 755 453 840 ομίογοίιας
482 756 516 819 ολ
536 746 570 818 δ’
590 747 763 838 ιλπσμαζοί
782 789 827 801 -
846 751 1063 839 φοινίσσονοο
1086 752 1178 816 Bion.
1198 751 1222 817 I.

119 854 175 923 26.
205 856 255 920 ubi
277 857 401 920 diastole
426 875 500 938 opos
521 853 658 928 videtur,
689 864 724 917 ut
750 863 782 918 et
803 854 836 918 in
859 854 997 939 Gregorii
1018 854 1095 917 Noz.
1119 854 1221 918 Cerni.

118 958 233 1024 XLIX.
251 956 325 1023 114.
342 958 379 1020 l).
400 956 458 1024 ναί
474 953 594 1042 μίμων
612 968 773 1039 σκιεροῑσι
789 957 876 1039 (fort.
896 959 1062 1045 σιιιῤῥοῖσι
1080 976 1108 1019 s.
1129 958 1224 1042 σκλη-

115 1063 223 1148 ροῑσι)
253 1057 482 1149 ῥαπίσμασιν,
515 1056 566 1131 οίς
593 1048 765 1143 ιίποιιόρση
792 1060 998 1145 γυμνοῦται.
1041 1058 1075 1120 ln
1103 1057 1139 1122 ll.
1166 1057 1221 1123 XI.

120 1161 196 1229 635.
220 1155 280 1229 διίο
301 1154 334 1226 δ’
351 1157 419 1226 tired
441 1159 622 1244 πυθμένες
639 1153 728 1243 ἦσαν
749 1160 885 1235 fuerunt,
908 1160 958 1244 qui
974 1157 1224 1246 ὑποπυθμένες

119 1266 288 1331 seriberent
309 1262 461 1345 epitheton
483 1283 551 1327 esse
574 1261 632 1325 ruti
656 1283 710 1346 pro
731 1257 1011 1348 ὑποπυθμένιοι,
1039 1264 1091 1326 sel
1113 1263 1143 1326 it
1164 1263 1223 1327 llu-

118 1365 246 1432 noenius
267 1386 298 1449 p.
318 1361 401 1440 869,
420 1363 453 1429 8.
478 1363 592 1428 dubitet
612 1383 651 1427 nn
672 1365 1142 1450 properoxytonosseribenrlnm
1164 1365 1221 1443 sit3

119 1466 157 1531 Ie
185 1465 373 1532 substantivo
399 1460 620 1553 ιλποπνθμήν
650 1487 738 1531 nemo
766 1466 886 1531 illorum
917 1468 1064 1552 cogitasse
1092 1466 1222 1543 videtur,

119 1562 217 1653 neque
238 1562 411 1658 ποριχθοίν
432 1569 464 1633 in
487 1569 538 1633 illo
560 1569 657 1633 eltero
679 1567 745 1633 loeo
767 1568 811 1633 sie
832 1569 1021 1654 interpretati
1041 1578 1130 1647 sunt3
1153 1590 1224 1652 qno-

118 1692 186 1737 ruru
208 1683 347 1736 nentrum
372 1673 408 1736 ab
430 1672 567 1756 analogia
589 1671 752 1735 abhorrere
775 1672 916 1735 arbitror.
962 1671 1075 1735 Verum
1098 1670 1146 1734 bio
1172 1690 1224 1735 un·

119 1774 227 1859 gustiie
248 1774 413 1859 implicatos
434 1775 514 1839 subit
535 1774 594 1838 ulia
616 1794 687 1836 euru
708 1773 743 1836 le
765 1773 946 1839 verbalibus.
992 1773 1112 1837 Etenim
1134 1772 1163 1837 si
1183 1772 1224 1837 tt·

17 1874 20 1879 ’
119 1877 199 1943 uitur
212 1870 324 1945 ’ἐδόκει
346 1873 463 1949 αὐτοῖς
482 1873 589 1951 πσλιίς
610 1867 839 1961 ὁπαροίλογος
856 1874 946 1943 οίναι
967 1875 1018 1941 vel
1035 1874 1146 1962 μέγαν
1164 1871 1225 1942 τὸν

117 1972 315 2065 παροίλογον
335 1977 497 2065 παρέσχε,
525 1979 554 2041 id
576 1976 795 2040 substantivum
817 1996 884 2039 esse
905 1987 1028 2060 apparet
1050 1979 1223 2054 manifesto,

118 2080 172 2144 sed
193 2090 293 2142 utrum
314 2077 478 2162 syulbeton
499 2078 540 2141 sit
565 2099 603 2141 en
625 2075 880 2160 parasyntbeton,
912 2081 1084 2163 conjecture
1107 2079 1225 2163 quoeri-

118 2199 185 2245 mus
206 2179 339 2263 ancipiti·
384 2178 461 2244 Nem
484 2188 516 2241 et
538 2177 647 2262 prioris
669 2178 789 2263 generis
812 2179 950 2264 exempla
978 2191 1085 2246 exunt
1111 2177 1226 2270 παρεί-

117 2294 228 2369 ψογος
255 2281 447 2366 (vituperatio
476 2280 627 2371 obliqua),
657 2279 886 2367 παρέπαινος,
912 2281 1084 2371 ἐπίλσγχος
1106 2294 1156 2358 et,
1189 2304 1225 2349 ne

117 2383 238 2470 lougius
260 2384 412 2460 nonus,
435 2374 616 2471 πρόλογος,
637 2381 802 2469 ἐπίλογος.
836 2383 899 2447 Νοο
920 2405 989 2447 rore
1010 2384 1226 2468 parasyntbeb

118 2509 161 2553 ex
184 2488 239 2552 bno
263 2488 328 2572 ipsa
351 2486 462 2551 familia
488 2481 665 2573 σύλλογος,
691 2478 862 2572 διοίλογος,
885 2480 1086 2572 ιιασοίλογος,
1116 2496 1150 2552 ut
1171 2491 1225 2553 ἔν-

115 2590 217 2679 λογος
244 2611 377 2676 quoqne,
412 2611 470 2673 quo
495 2589 661 2675 Aeschylus
688 2609 760 2652 usus
788 2598 835 2651 est
859 2609 916 2672 pro
939 2583 1104 2675 διήγησις,
1134 2600 1222 2675 oque

118 2687 286 2775 α’πόλογος
299 2691 361 2773 ¹⁰¹)
384 2690 440 2752 bue
460 2690 619 2753 referenda
637 2690 789 2752 videntur.
828 2689 939 2767 Quibus
959 2686 1154 2777 παράλογος
1174 2693 1223 2756 etl·

118 2811 280 2857 numerere
298 2788 410 2862 lioebit,
429 2789 455 2852 si
472 2789 577 2863 verbo,
595 2789 673 2852 unde
691 2788 857 2852 derivatum
873 2801 933 2865 est,
952 2792 1116 2856 tribuemus
1131 2793 1222 2878 sigui·

119 2894 287 2959 linationem
314 2911 400 2974 quem
427 2889 517 2974 vulgo
543 2887 832 2975 παραλογίζεσθαι
859 2890 958 2957 babet.
1002 2894 1107 2978 Neque
1134 2895 1222 2959 aliter

118 2994 285 3061 babendum
310 2993 346 3057 de
371 2989 524 3079 ἐπίλογος
549 3002 579 3056 et
601 2987 785 3079 ιίπιίλογος,
816 2992 842 3057 si
866 2994 910 3057 ita
934 2996 1042 3059 dieitur
1064 2994 1222 3085 ἐπίλογον

117 3098 301 3167 ποιοῦνται
321 3085 448 3166 ποίντις
469 3088 664 3174 οδναιίσόν,
686 3105 718 3158 et
740 3089 850 3169 οὐδείς
869 3088 1037 3185 ιίπόλογος
1054 3098 1097 3189 τῇ
1114 3099 1223 3191 βουλῇ

117 3200 255 3295 γίγονον
274 3193 353 3267 α’νσλ
369 3196 433 3264 σοῦ
449 3191 594 3285 οιίδομία
612 3192 794 3286 σογγνιίμογ
810 3198 898 3265 Pbot.
909 3200 972 3287 ¹⁰².)
1002 3201 1124 3281 Celere,
1147 3224 1222 3289 quoe
1254 3196 1258 3201 ’

116 3484 122 3493 ’
189 3503 251 3571 101)
272 3496 387 3558 Ἀλκίνου
405 3495 541 3575 ἐπίλογος
556 3486 742 3573 Ιιοσίοοςπρὴί
758 3503 841 3557 nostri
858 3504 923 3557 miro
940 3490 1029 3559 errore
1048 3488 1223 3585 iuterpreta-

119 3596 165 3645 tur
182 3590 356 3641 narrationem
376 3590 407 3642 de
423 3591 538 3643 Alcinoo.

191 3693 251 3757 102)
272 3687 322 3746 Ἔν
344 3688 470 3763 ιίπολόγῳ
492 3691 562 3746 εἶναι
585 3693 641 3745 slve
657 3693 802 3751 ποιοίσθαι
822 3709 850 3747 v.
868 3693 999 3747 lleiorlorl.
1019 3694 1053 3746 ud
1069 3695 1175 3765 Protug.
1195 3716 1221 3768 p.

119 3780 180 3835 341.
198 3779 245 3830 vix
261 3779 373 3831 disserui
391 3785 474 3845 potest
493 3777 524 3828 nb
541 3777 670 3843 adjectivo
686 3774 824 3849 ιίπόλογοι,
845 3787 876 3832 ut
891 3780 984 3849 Lysiae
1001 3781 1069 3834 tinio
1086 3781 1132 3851 οὐχ
1151 3783 1223 3840 ὁπό-

117 3860 197 3933 λογον
214 3862 280 3919 ὄντα
297 3880 343 3930 pro
361 3859 407 3918 eiu
425 3860 455 3916 ἐν
471 3860 555 3932 λόγῳ,
574 3872 602 3915 et
618 3865 728 3930 Αρρίισ.
743 3864 800 3917 Gir.
817 3865 849 3919 ll.
868 3868 925 3920 ltu.
944 3867 975 3921 ἐν
992 3862 1138 3940 παραλόγῳ
1158 3890 1223 3927 ποι-

119 3939 233 4012 eineres
253 3949 400 4001 absurdum
412 3947 551 4014 judicum.
587 3948 725 4015 Adjeutlvu
741 3966 842 4020 quoque
858 3959 921 4004 suut
936 3968 1101 4009 numerorum
1119 3959 1222 4015 nonina

118 4020 252 4104 πρίλογοο
267 4043 295 4088 et
310 4031 454 4106 ιίπίλσγσο.
