2534 4492
88 168 159 235 554
433 158 746 228 utssanrtrto
774 163 813 228 V.

87 348 192 411 timum
214 345 413 430 navigiorum,
438 342 560 434 σχεδία,
584 339 738 429 ἦχιιολίοι,
760 342 867 420 Alata,
891 343 1017 408 dicrota.
1062 344 1116 411 His
1138 369 1194 414 rc-

88 471 124 514 ro
146 448 329 524 nominihus,
354 469 429 533 qsuae
457 448 525 532 quia
547 446 697 529 complura
718 446 754 508 ab
776 467 838 510 uno
858 447 988 530 pendent
1007 448 1197 515 substantive

87 552 245 636 unistirpia
266 552 370 616 vocari
392 551 480 626 licet,
506 548 646 632 subjungi
669 559 799 631 oportet,
823 570 898 633 quac
924 549 1044 634 singula
1064 552 1195 638 singuiis

87 654 228 719 attributa
254 665 326 719 sunt
354 655 461 728 rebus3
496 649 598 737 λαίβοι
624 645 746 725 οἷσπίς,
781 651 887 738 πέλτη
914 652 1047 738 Hesych.
1082 654 1113 718 it
1146 667 1197 720 est

88 757 195 837 lucen,
231 757 315 842 cujus
343 774 546 843 synonymum
577 751 701 815 Romani
728 764 887 818 verterunt
912 754 944 817 iu
972 757 1193 823 substantivum

87 862 260 945 senme¹⁵),
287 855 438 946 μειλίχη,
459 849 645 942 καμπύλη,
667 855 762 923 λισίσ
783 857 882 931 linea,
905 854 1041 943 κῃρίνῃ,
1071 860 1122 922 cui
1143 882 1192 924 rc·

86 961 232 1044 spondent
251 961 344 1024 latina
366 978 484 1033 cereus,
509 959 663 1038 subacens,
686 959 815 1039 funalis3
848 958 976 1040 κτίλος,
996 958 1191 1047 μάρμαρος,

87 1059 218 1148 σείρισς,
241 1062 373 1140 πέπον,
395 1052 609 1134 cardicenses
637 1061 815 1146 (cataracta)
842 1060 1036 1148 πρόδρομος
1057 1064 1192 1149 (vinum)

84 1161 289 1252 χιαζονόμος,
311 1154 578 1250 σραπεζοφόρος,
601 1157 744 1249 σίδαρος,
768 1165 885 1248 cirpea,
916 1186 1009 1241 vara,
1042 1167 1190 1250 triplices,

84 1267 265 1353 pugillares,
291 1287 365 1350 quae
388 1288 476 1351 qaum
498 1267 607 1330 multas
630 1287 680 1330 res
709 1266 880 1355 significare
901 1268 1036 1351 possint,
1067 1279 1191 1332 eatexo·

85 1371 161 1434 chen
184 1371 356 1433 tribuuntur
376 1369 441 1433 uni.
486 1370 561 1434 Tum
583 1370 718 1436 locorum
742 1380 774 1432 et
794 1369 996 1433 aedificiorum
1018 1372 1191 1436 urbicorum

84 1473 206 1535 nomina
228 1471 412 1550 domestica,
443 1470 461 1539 ὁ
488 1466 702 1560 αεραῃιεικός,
733 1468 756 1557 ἦ
780 1471 968 1558 βασίλειος,
998 1471 1189 1561 ήποικίλῃ,

84 1574 260 1651 Flaminia,
286 1577 473 1661 trigemina,
506 1599 619 1655 novae,
643 1586 784 1651 ueteres,
816 1596 890 1658 quae
913 1576 1073 1660 separatim
1096 1587 1191 1642 etex

83 1696 116 1740 se
139 1678 328 1741 considerata
349 1679 416 1762 quid
439 1680 620 1764 significent,
645 1699 732 1742 nemo
758 1679 907 1762 conjicere
926 1689 1024 1762 potest
1038 1702 1191 1766 gramma-

83 1781 142 1845 tice
158 1784 275 1859 doctus,
293 1802 354 1844 non
376 1782 470 1865 magis
493 1804 578 1865 quam
601 1783 627 1845 si
642 1781 789 1843 Arcadum
812 1792 934 1845 senatus
957 1781 1065 1845 dicitur
1077 1788 1111 1850 ot
1125 1780 1189 1869 μύ-

82 1908 159 1972 ριοι,
185 1886 338 1947 docturum
361 1884 503 1946 salarium
525 1906 657 1949 aunuum
686 1889 723 1951 ui
750 1875 889 1969 μύριαι,
920 1885 979 1949 nisi
1007 1885 1063 1948 hoc
1093 1885 1190 1968 ipsum

1 2063 2 2070 χ
82 1984 191 2049 alicubi
212 1985 353 2048 traditum
375 1984 502 2068 legerit3
534 1988 586 2050 sed
607 1987 757 2063 volueris,
786 1987 934 2064 triremis,
959 2009 1100 2071 quorsum
1122 2009 1190 2072 pcr-

82 2088 218 2162 tineaut,
243 2108 293 2151 res
316 2086 448 2170 loquitur
471 2088 546 2172 ipsa.
592 2090 693 2174 anue
719 2090 804 2153 nobis
827 2110 917 2154 eausa
938 2083 1012 2170 suit,
1044 2112 1099 2155 cur
1121 2090 1192 2154 etti-

81 2191 178 2276 psium
200 2190 258 2253 duo
280 2189 530 2255 constitueremus
552 2213 684 2276 genera,
711 2193 848 2258 naturale
870 2204 901 2257 et
921 2193 1093 2279 positivum,
1125 2192 1192 2260 suis

84 2291 244 2378 utrumque
267 2291 406 2379 gradibus
429 2293 612 2358 distinctum.

589 2482 619 2565 ς.
641 2482 675 2548 2.

67 2600 68 2604 ’
165 2598 323 2665 Naturalia
338 2592 437 2683 ¹igitur
458 2599 609 2684 epitheta,
639 2603 709 2688 quia
736 2605 869 2688 proprias
893 2607 1034 2685 cujusque
1062 2600 1109 2664 rei
1136 2623 1191 2664 no-

81 2717 128 2770 tas
151 2703 320 2776 continent,
346 2723 399 2784 per
426 2702 544 2784 seipsa
568 2703 734 2766 consistere
757 2712 892 2784 possunt,
917 2700 1094 2784 impositicia
1116 2723 1192 2766 veru

80 2819 133 2872 aut
157 2803 293 2890 plurimis
315 2814 367 2866 aut
389 2813 471 2866 certe
493 2804 560 2889 plus
586 2805 639 2868 uni
661 2802 845 2868 conveniunt
866 2803 1063 2881 substantiae,
1090 2805 1136 2869 sic
1157 2818 1191 2870 ut

84 2994 293 3008 ..nonunt-

80 3092 187 3162 iriensis
201 3095 256 3161 jam
273 3094 364 3147 Focsio
377 3103 522 3162 suspectum
540 3093 605 3156 fuit,
625 3110 672 3146 nec
691 3094 755 3146 satis
776 3094 835 3145 fidei
854 3096 931 3147 habet
950 3085 1143 3162 περιπναλμων
1163 3104 1191 3146 et

80 3180 291 3251 περιπνεῦμοιιος
298 3197 343 3248 pro
352 3185 565 3250 περιπαιομονία
575 3182 701 3249 seriptum
714 3182 741 3257 in
750 3181 871 3248 Stephani
880 3182 963 3232 Schol.
972 3181 1045 3248 Hipp.
1055 3181 1087 3232 T.
1095 3181 1116 3232 Ι.
1128 3182 1188 3239 tte.

149 3281 192 3347 15)
210 3282 331 3350 Hesychii
355 3283 443 3334 verbis
463 3282 654 3334 obscurissimis
675 3287 769 3337 Σκανα
782 3319 789 3334 .
803 3320 830 3334 ..
847 3302 899 3337 ιτα
919 3279 1036 3350 ἐπιχαλιι
1050 3319 1057 3332 .
1070 3319 1076 3332 .
1090 3319 1096 3331 .
1112 3279 1191 3350 παριί

79 3362 205 3438 Σοίφροοι
225 3368 341 3435 (Fragm.
363 3367 503 3433 CCXXII.)
529 3365 631 3423 σπανοῖι
653 3361 770 3440 πορειλσῃ
789 3367 819 3422 ἐν
837 3365 872 3439 τῇ
889 3363 1001 3430 cissitis,
1026 3376 1126 3419 certum
1150 3376 1192 3420 cst

80 3454 221 3520 significari
231 3461 342 3516 scutum,
357 3449 441 3510 ciente
458 3453 603 3523 ἐπίχαλκος
613 3455 695 3506 Arist.
706 3453 784 3521 Vesp.
795 3455 835 3506 18.
846 3469 912 3520 quae
921 3455 1038 3505 absolute
1051 3461 1163 3506 vocatur
1175 3451 1193 3522 ἤ

78 3539 224 3608 ἐπίχαλκος
240 3538 305 3592 Poll.
321 3539 357 3592 X.
375 3542 433 3594 144.
446 3538 553 3595 Σκανός
570 3549 655 3593 autem
669 3549 697 3592 et
722 3534 813 3594 σκαιός
833 3540 980 3603 ieiunasse,
999 3540 1061 3592 alibi
1077 3543 1190 3594 ostendi.

77 3624 167 3697 Itaque
181 3627 225 3679 ille
240 3625 340 3682 euersis
357 3623 427 3697 μεταλ
440 3624 588 3694 ἐπιχάλιισο
607 3620 722 3699 πορεύσῃ
743 3627 839 3678 dixisse
859 3628 963 3680 videtur
980 3642 1025 3693 pro
1042 3621 1074 3680 ἐν
1089 3623 1193 3681 dantis

79 3711 204 3787 πορεύσῃ,
223 3714 336 3766 fortasse
350 3714 381 3765 de
395 3721 510 3764 amatore
523 3715 556 3763 ad
573 3714 775 3781 desperationem
791 3713 909 3775 adducto,
930 3713 1014 3780 qualis
1028 3720 1069 3763 cst
1082 3713 1192 3766 Aeschi-

80 3810 124 3850 nes
137 3796 308 3854 Theocriteus
322 3801 358 3852 tt.
373 3798 443 3852 XIV.
460 3801 547 3851 iturus
560 3801 657 3868 atiquo,
677 3807 707 3850 ut
720 3798 839 3852 Plautino
853 3801 932 3853 verno
950 3807 1020 3860 utar,
1042 3799 1194 3852 ίαίνοοίαα-

80 3888 137 3936 ίαπι
153 3891 242 3940 autin
255 3887 350 3940 Asiam
365 3891 414 3938 ααί
431 3891 459 3938 in
474 3886 605 3950 Citiez'arm,
627 3881 662 3938 cis
679 3887 767 3952 Σῖμος
787 3881 803 3940 e‘
821 3883 872 3940 suis
886 3878 1044 3950 'fflrcxeitsm
1063 3886 1194 3952 ἐρασθείς

78 3984 104 4022 v.
123 3970 164 4022 53.
182 3973 227 4024 ubi
241 3974 399 4026 scholiastes
411 3967 559 4039 ἐπίχαλκον
572 3967 677 4031 ἀσπίδα
690 3973 802 4038 intelligi
815 3974 884 4033 vult,
904 3973 996 4023 ductus
1009 3972 1123 4025 neceam
1143 3974 1194 4026 illo

81 4054 221 4124 Sophronis
237 4059 304 4110 loco.
