2534 4492
111 161 182 231 cu
435 153 748 221 DISSEIII'A'I'IO
775 154 877 220 VIII.
921 220 926 227 .

114 341 267 407 litudioem
295 335 508 401 Terentianum
534 334 609 399 iIIud
635 334 717 401 ίιακσ
744 335 815 401 scio·
838 354 907 399 νιεσ
934 335 1120 419 gaoe'omom
1149 356 1219 402 σσιο

111 444 235 531 guardia
255 441 338 505 reddi
359 451 457 524 potest
482 437 523 507 τό
551 438 636 526 ἐμόν
660 436 771 526 γῆθος
800 432 1079 525 moisiacense
1111 432 1219 523 ὅμοια

114 547 193 633 ἐμοὶ
208 542 333 634 χαίρων
351 543 462 607 AchiII.
485 542 627 607 Tocvss.
653 540 706 617 16,
729 538 803 605 167.
827 538 1005 603 commutari
1026 549 1129 622 potest
1148 561 1219 605 cum

112 647 176 722 τοίς
193 643 279 734 ἐμός
302 642 406 734 χορός
432 643 550 734 χαίρει.
603 643 668 709 Nec
707 645 743 707 ab
775 642 837 709 hoe
874 641 1026 707 sententia
1060 641 1219 709 dimoveor

115 749 253 834 exemplo
274 748 407 834 Lycurgi
429 770 457 813 c.
480 748 589 811 Leocr.
613 767 643 830 p.
663 744 737 822 154,
759 744 814 810 49.
838 750 872 812 οἱ
889 757 964 817 ταῖς
982 741 1153 819 διανοίαις
1168 743 1219 832 μη

113 849 299 938 πτήξαντες
318 847 379 916 τόν
410 849 479 915 τεῦν
501 840 667 915 ἐπιόντων
691 842 822 934 φόβον,
851 849 937 931 eujus
968 846 1027 910 Ioci
1055 847 1218 913 insolentie

110 958 174 1040 jorn
204 954 311 1017 dudum
339 952 461 1016 oIIeninc
482 951 629 1025 CriticoS,
660 951 787 1034 primum
817 949 969 1014 IIeiskium
999 950 1052 1030 qui
1079 945 1137 1016 διεδ
1158 947 1226 1019 τόν

115 1056 226 1145 φόβον
256 1055 412 1128 correxit,
445 1065 509 1117 tum
530 1053 752 1128 Heinriehium‚
782 1054 832 1134 qui
863 1062 931 1136 post
958 1043 1146 1135 πτήξαντες
1172 1053 1218 1117 in·

114 1160 211 1225 seruit
231 1152 302 1224 ἀλλ’
318 1152 479 1241 α’νδρείως
499 1152 769 1241 ὑπομείναντας.
813 1154 1000 1219 Posteriores
1020 1154 1216 1239 interpretes,

114 1282 190 1346 quoe
210 1281 263 1344 pro
284 1257 432 1321 tralaticia
453 1257 602 1341 scriptore
615 1257 756 1330 afferunt,
779 1252 865 1342 α’ροίς
879 1250 1218 1343 οἷνοσίοοςιίρῦσθαι,

113 1355 248 1451 προέξεις
270 1357 405 1447 βιαίους
426 1353 588 1444 πράττειν
613 1370 645 1423 et
666 1369 768 1423 cetera
789 1358 877 1443 hujus
899 1370 1009 1436 notae,
1040 1359 1114 1423 nihil
1133 1360 1217 1425 aliud

114 1465 323 1547 comprobant,
353 1461 411 1525 nisi
439 1481 492 1524 eos
512 1461 670 1545 ignorasse
691 1461 814 1525 omnino
844 1461 912 1545 quid
934 1462 1134 1545 disceptarem
1163 1484 1218 1528 ne·

114 1588 173 1652 que
195 1565 355 1642 Greserus‚
377 1563 427 1626 vir
446 1564 622 1646 perspicax,
644 1563 719 1627 sctis
741 1584 877 1629 errorem
906 1565 986 1629 cavit
1014 1563 1103 1647 Spec.
1136 1563 1214 1629 Acv.

114 1688 145 1754 p.
169 1666 222 1733 90.
252 1666 351 1731 Verba
379 1684 433 1748 per
461 1686 495 1729 se
524 1665 661 1748 ambiguo
688 1676 776 1745 στοις
807 1687 876 1729 οισι
905 1677 937 1731 et
963 1666 1019 1729 hoc
1047 1666 1217 1751 significare

114 1780 241 1856 possunt
260 1789 417 1853 nonquam
447 1788 483 1831 eo
507 1769 618 1831 timore
633 1769 777 1851 perculsi
795 1789 855 1853 quo
878 1771 936 1854 ηαι·
954 1768 1057 1833 hostes
1079 1769 1221 1853 aggredi

106 1872 281 1957 jubentur,
333 1881 364 1935 et
399 1869 474 1933 illud
512 1864 555 1935 οῦ
584 1867 646 1935 τόν
682 1864 755 1937 α’πδ,
785 1869 855 1935 τῦν
886 1866 1053 1937 ἐπιόντων
1093 1863 1218 1957 φόβον,

116 1976 168 2039 sed
191 1994 277 2037 nemo
299 1972 370 2035 hinc
391 1971 513 2055 colligat
534 1992 587 2054 pro
610 1968 789 2057 φοβοῦμοί
814 1994 853 2037 σε
881 1972 939 2034 dici
960 1993 1049 2056 posse
1071 1968 1132 2043 τόν
1154 1965 1220 2059 φό-

116 2078 183 2162 βον
209 2096 271 2140 σον
300 2074 488 2160 φοβοῦμαι,
511 2073 570 2137 cisi
591 2072 750 2157 objectire.
794 2072 956 2156 Procopius
979 2085 1080 2139 autem
1102 2076 1174 2140 Are.
1190 2075 1218 2140 I.

116 2199 147 2263 p.
170 2175 203 2239 c.
230 2173 322 2238 OrelI.
346 2171 425 2241 οῦδὲ
450 2171 514 2258 (τό)
533 2174 596 2241 τοῦ
616 2173 858 2247 συνοικοῦντος
884 2173 1110 2260 δειμαίνοντα
1131 2176 1220 2255 δέος,
1243 2206 1246 2215 ·

116 2279 174 2343 hoc
196 2277 363 2362 significare
384 2279 504 2341 videtur
531 2298 570 2341 ce
598 2278 709 2341 οιαιέίί
735 2276 858 2363 quidem
885 2277 997 2362 (regis)
1024 2280 1222 2363 majestatem

115 2384 272 2457 ναοσνιίσ,
295 2392 329 2444 ut
350 2379 499 2444 Maximus
520 2403 553 2444 v.
576 2377 651 2444 325.
674 2375 753 2453 Διός
779 2378 935 2465 σέβοντας
957 2379 1078 2466 σέβας,
1106 2382 1222 2449 Home·

115 2484 295 2569 rusEpigr.
319 2483 375 2545 IX.
400 2479 671 2555 accrescentes
696 2481 815 2568 σέβας,
837 2481 1003 2568 Aeschylus
1023 2483 1113 2546 Eum.
1141 2484 1218 2551 700.

115 2577 247 2655 τοιόνδε
264 2583 473 2672 ταρβοῦντες
498 2582 612 2671 σέβας,
634 2583 664 2647 id
687 2575 951 2669 esIAreopogum3
974 2606 1140 2670 quenquam
1164 2587 1222 2653 Iroe

115 2689 212 2771 ipsum
244 2708 354 2751 nomen
381 2687 531 2749 interdum
552 2685 644 2747 animi
665 2686 803 2751 affectum
825 2688 992 2770 significat,
1026 2699 1062 2753 ct
1089 2699 1122 2753 et
1142 2684 1222 2765 όπις

115 2790 149 2853 ic
170 2798 324 2869 utromque
345 2796 459 2868 portem
487 2785 595 2848 dicitur
624 2794 655 2847 et
682 2786 712 2848 id
732 2787 764 2851 in
790 2809 850 2851 uno
880 2790 1041 2874 eodemque
1069 2791 1136 2855 Ioco
1159 2793 1218 2856 Οδ.

115 2888 201 2953 XIV.
219 2887 272 2953 82.
300 2884 361 2955 οῦκ
380 2880 484 2953 όπιδα
498 2885 698 2973 φρονέοντες
714 2884 785 2956 οὐδ’
804 2884 953 2977 ἐλεητύν,
976 2904 1008 2957 et
1028 2894 1127 2974 paullo
1147 2905 1220 2978 post

115 2991 265 3065 καὶτοῖς
287 2987 404 3064 όπίδος
423 2989 497 3063 δέος
521 2993 559 3054 ἐν
579 2989 676 3076 φρέσι
695 2989 823 3073 πίπτει,
845 2994 975 3057 illusIde
996 2996 1089 3063 animi
1106 3014 1217 3072 sensu,

117 3094 174 3158 hoc
195 3095 231 3157 de
254 3115 342 3159 causo
355 3094 470 3159 timoris
485 3104 519 3157 οι
532 3091 666 3178 Ἕρμεω
682 3088 845 3180 οίζόμενος
858 3092 972 3180 δεινήν
987 3091 1068 3164 ὄπιν
1085 3097 1219 3163 IIrescr.

116 3195 218 3259 XXV.
242 3196 275 3259 4.
302 3196 396 3264 θεῶν
415 3195 570 3282 τρομέων
597 3189 678 3262 όπιν
698 3196 791 3275 AntIp.
815 3196 848 3259 P.
873 3197 1006 3281 Append.
1029 3198 1069 3263 N.
1088 3197 1165 3265 129.
1188 3200 1221 3263 ic

117 3310 165 3363 est
185 3299 340 3362 ultionem.
385 3299 459 3363 Item
487 3320 564 3384 nego
592 3290 793 3386 Σωκροίτονς
819 3298 869 3362 vel
897 3299 958 3366 τόν
988 3302 1052 3368 τοῦ
1075 3295 1222 3389 Σακροί-

116 3425 197 3475 τους
224 3405 332 3487 ἔρωτα
352 3401 414 3488 έρῦ
439 3402 539 3466 volere
569 3423 622 3485 pro
644 3401 771 3485 simplici
797 3422 866 3465 amo
895 3400 1079 3479 Socraten,
1109 3405 1166 3469 sed
1187 3405 1221 3469 id

115 3504 294 3588 significabit
313 3514 366 3569 eut
385 3505 415 3569 id
436 3506 513 3589 quod
535 3505 674 3568 Socrates
695 3514 775 3567 emat
794 3525 881 3579 omo,
904 3517 956 3569 out
977 3506 1131 3570 Socratico
1162 3506 1222 3571 ali-

117 3627 205 3691 quem
225 3628 327 3672 amore
348 3608 522 3692 amplector,
545 3617 580 3669 uc
598 3603 754 3691 ἡσθῆναι
777 3602 839 3680 τοῖς
862 3606 925 3673 τοῦ
955 3603 1113 3693 σώματος
1134 3605 1223 3694 ἡδο-

116 3702 180 3783 νοίς
205 3710 312 3794 Synes.
348 3711 384 3775 de
411 3711 506 3794 Regu.
536 3730 564 3792 p.
592 3708 644 3773 14.
674 3708 711 3771 D.
741 3704 806 3794 τήν
836 3709 900 3776 τοῦ
922 3709 1054 3778 δικαίαν
1083 3706 1223 3797 ἡδονήν

117 3812 244 3877 Αείειοι.
268 3797 385 3876 Nicom.
408 3812 451 3875 X.
475 3812 507 3877 2.
530 3832 561 3894 p.
584 3809 685 3885 1173,
707 3808 760 3875 30.
782 3808 897 3878 ῦπνον
920 3808 1135 3898 νενικηκότος
1159 3811 1224 3883 εῦ-

118 3907 187 3976 δειν
211 3914 291 3979 PIut.
314 3916 410 3979 Alex.
435 3935 462 3976 c.
482 3913 615 3981 XXXII.
638 3904 748 3979 λῦκων
766 3910 931 4002 ω’ρσθμδν
948 3909 1121 4000 ω’ρῦεσθαι
1136 3917 1224 3983 Loc-

121 4030 177 4093 gus
198 4014 235 4077 II.
257 4014 313 4081 rc.
335 4024 481 4102 θρηνεῖν
495 4010 558 4082 τόν
577 4015 647 4084 τῦν
659 4016 772 4085 κανοῦν
785 4017 922 4103 θρῆνον
936 4016 1054 4083 Αείίκο.
1072 4019 1110 4084 II.
1131 4020 1220 4085 Anu.
