2534 4492
109 156 165 225 nu
186 157 323 226 noum.
337 131 493 224 unirer.
509 155 562 223 nr
575 153 707 225 sunm.
721 152 814 239 eun.
830 151 965 222 uento.
984 154 1012 240 ς.
1023 153 1076 223 ιο.
1097 157 1164 229 eus

59 340 264 406 concedentur
282 340 448 404 veterihua.
491 332 684 426 Ἆβρόπονς
705 347 737 401 et
755 327 967 424 dlcppdooec
987 356 1043 420 pro
1060 327 1167 424 α’(λρός

60 451 93 505 et
112 440 257 529 ἐλαφρός
284 437 374 516 ποός
394 444 458 527 jam
486 440 538 505 alii
570 439 779 515 sustulerunt;
808 461 860 524 pro
890 433 1061 524 ξιναπιίτη
1088 439 1165 522 apud

59 541 224 613 Pollucem.
242 555 325 609 recte
354 546 541 609 emendatum
573 550 620 607 est
650 535 840 626 ξεναπόνης
867 553 900 607 ut
930 535 1161 629 φρεναπιίνης.

56 639 280 732 Ὁμηραποίπη
304 658 337 712 et
356 636 629 730 ξενοκοοπαπότη
649 643 829 727 joculariter
860 646 945 722 hctn;
974 639 1166 734 λεοχομοίχη

58 745 281 832 Lexicographi
304 748 480 812 asciverunt
502 769 519 812 e
540 745 673 811 Timonis
693 766 797 822 versu,
821 747 871 812 uhi
892 739 1164 837 λεαχομόχοινλο-

58 849 160 933 gitur,
184 870 242 913 nec
263 850 332 914 fidei
357 850 431 913 satis
454 850 541 914 hahet
562 842 767 936 φρενολιίπη,
791 851 868 934 quod
887 849 1036 936 Aeschylo
1059 847 1164 913 tribuit

56 950 262 1015 Hermannos.
286 951 387 1037 Zoega
409 952 443 1015 de
459 951 586 1016 Ohelisc.
605 975 635 1036 p.
628 949 704 1016 .36.
730 952 867 1029 „Latini
890 951 1000 1037 inquit,
1023 973 1065 1015 ex
1081 946 1164 1039 όγα·

55 1048 126 1125 θός
137 1051 280 1139 δαίμων
301 1054 453 1117 finxerunt
476 1055 746 1139 Agathodaemonis
768 1055 956 1130 vocabulum,
981 1055 1058 1137 qnod
1077 1075 1164 1138 grae·

58 1169 126 1219 eum
149 1166 183 1217 ut
203 1154 244 1218 sit
265 1156 406 1219 dohitn.“
430 1155 519 1221 Certe
540 1156 695 1222 aGraecis
709 1169 882 1241 usurpatum
903 1167 971 1236 est3
995 1155 1162 1239 Simplicius

10 1292 12 1297 ·
56 1257 89 1323 in
112 1258 218 1342 Categ.
242 1257 275 1323 B.
296 1282 326 1342 η.
348 1259 378 1320 h.
402 1253 485 1325 όταν
512 1262 579 1344 μὲν
599 1257 663 1347 peip
693 1260 732 1325 ἓν
764 1253 786 1349 ᾗ
815 1257 853 1325 τό
877 1259 1020 1346 πρᾶγμα
1043 1258 1100 1324 καί
1123 1255 1162 1324 τό

58 1355 171 1446 νόημα
201 1367 252 1437 ἔν,
274 1355 407 1426 όπλοόν
427 1365 520 1427 ἔσται
540 1358 579 1427 τό
606 1357 790 1448 λεγόμενον
810 1357 876 1427 κοῖν
902 1354 987 1427 όνευ
1005 1360 1162 1447 συμπλο-

59 1457 1163 1548 fflwfflmfflfflmwfflfflmfflmc

10 1654 14 1661 ,
58 1556 368 1652 ἢόγαθοόαίμων,
398 1565 450 1626 sed
475 1562 622 1647 adjective
652 1573 685 1625 ut
714 1557 903 1650 εὐδαίμων,
930 1563 1161 1653 κακοδαίμων,

10 1672 13 1683 ’
60 1661 182 1751 quaesi
205 1668 241 1729 de
269 1666 461 1730 daemonibus
489 1665 647 1742 dicuntur,
682 1666 936 1730 substantivorum
965 1668 1093 1751 speciem
1114 1668 1163 1732 in·

62 1771 164 1845 duuut,
187 1790 245 1852 qua
266 1768 413 1831 falluntur
432 1767 557 1831 incauti.
605 1768 653 1831 Sic
676 1768 816 1832 Clemens
840 1767 964 1831 Cohort.
992 1767 1090 1851 pta,
1106 1768 1160 1834 19.

62 1876 103 1956 (p.
126 1871 179 1937 31.
204 1871 255 1953 Β.)
278 1871 447 1956 Serapidem
476 1869 652 1954 simpliciter
673 1880 762 1934 vocet
792 1868 853 1936 τόν
872 1866 1163 1957 ιιεγαλοόαίμονα,

64 1975 208 2039 diabolum
222 1973 368 2037 Eusebius
388 1973 472 2036 Dem.
490 1971 543 2036 lV.
562 1970 634 2036 158.
653 1973 687 2035 C.
707 1984 738 2038 ct
757 1973 789 2036 in
807 1973 882 2037 Plat.
900 1973 968 2037 etv.
995 1970 1061 2034 vll.
1085 1969 1161 2037 527.

64 2077 97 2141 (l.
114 2079 152 2141 ad
173 2072 354 2141 sententiam
376 2076 450 2139 nihil
472 2076 612 2154 interest,
637 2086 736 2140 utrum
759 2081 796 2142 ἐν
813 2074 856 2165 κῇ
871 2073 957 2166 καλῇ
971 2066 1066 2141 πόλει
1086 2074 1163 2138 scri·

62 2180 148 2244 hatur
170 2200 210 2242 an
231 2183 267 2244 ἐν
287 2179 329 2268 τῇ
351 2173 562 2253 καλλιπόλει,
586 2199 642 2241 nee
663 2189 763 2243 tamen
790 2171 857 2244 ideo
885 2178 912 2243 si
941 2178 1007 2261 qnia
1029 2176 1162 2262 pulcram

62 2280 252 2364 conspexerit
274 2281 389 2354 urbem,
413 2281 512 2343 dicere
534 2282 644 2364 poterit
665 2279 757 2346 εἶόον
778 2278 985 2346 καλλίπολιν.
1004 2317 1012 2333 .
1028 2280 1062 2343 lu
1084 2279 1160 2343 Eur.

61 2382 168 2447 Troad.
193 2380 266 2446 536.
291 2381 389 2472 χόριν
408 2376 529 2472 όίζνγος
550 2373 835 2470 οἷμβροτοποίλοκ,
857 2382 884 2445 si
905 2382 960 2445 dee
976 2380 1162 2466 significatur

60 2496 243 2571 postremum
272 2485 423 2566 epitheton
454 2487 497 2548 sic
527 2485 655 2568 intelligi
684 2485 790 2558 dehet,
820 2494 854 2546 ut
877 2480 1099 2555 ‘ulvedmmloc
1127 2504 1158 2546 v.

61 2585 230 2652 llehlhorn.
255 2585 424 2646 adnnacr.
448 2606 477 2667 p.
503 2583 576 2648 132.
600 2585 722 2648 sivero
747 2603 838 2666 equus
858 2582 981 2658 Durius,
1005 2584 1088 2645 deest
1110 2602 1162 2646 no·

62 2710 127 2754 men
147 2694 265 2766 ἵππος,
288 2687 341 2749 sed
363 2696 574 2768 compensatur
594 2687 706 2748 doohos
728 2684 864 2768 epithetis
887 2679 967 2765 όίζιιξ
982 2694 1013 2749 el
1033 2680 1163 2773 οίμβρο·

63 2789 222 2867 ιόπωλος,
246 2809 369 2872 quorum
391 2786 464 2850 illud
486 2787 585 2851 animo
607 2787 816 2872 cogitationem
833 2787 963 2873 jumenti
985 2788 1105 2872 ohjieit,
1128 2800 1163 2853 ut

65 2892 199 2978 ληἰιηιιε,
222 2889 432 2976 quodrapicges
453 2900 483 2953 et
502 2883 704 2976 μονόμποξ,
732 2912 807 2974 qnae
829 2891 941 2976 pariter
961 2891 1096 2955 absolute
1118 2892 1162 2955 di·

65 3006 186 3074 cuntor3
209 2994 333 3057 alterius
356 3004 454 3056 autem
483 3013 551 3075 pars
572 2992 721 3079 posterior
746 2993 776 3055 id
795 2994 891 3077 ipsum
914 2993 1064 3079 significat
1084 2995 1188 3079 quod·

63 3103 177 3172 ἵππος.
223 3095 343 3160 Plenius
366 3095 519 3159 veredici
542 3096 638 3180 potuit
659 3101 764 3169 ἵππος
780 3090 1059 3183 οἷμβροτόπαλος,
1082 3097 1162 3161 sicut

62 3221 151 3285 saepe
177 3198 346 3271 nominihus
378 3198 525 3261 adduntur
554 3197 684 3282 epitheta
712 3218 731 3261 a
762 3199 896 3262 nominc
912 3220 1081 3284 synonymo
1109 3196 1162 3263 vel

63 3302 270 3367 homoeosemo
295 3299 467 3383 composita,
490 3292 589 3385 κόρος
616 3294 788 3419 ριονόπαις
815 3300 889 3363 Eur.
916 3299 983 3365 Alc.
1005 3299 1079 3367 905.
1103 3293 1162 3367 εὔ-

62 3429 141 3481 παις
160 3399 233 3478 υἱός
230 3397 359 3467 Nonn.
382 3400 498 3465 XXIV.
522 3399 575 3466 86
605 3393 808 3488 α’ροενόπαις
832 3393 932 3489 γόνος
952 3403 1046 3468 Anth.
1072 3402 1158 3467 Plan.

61 3507 101 3572 N.
132 3505 207 3571 131.
236 3527 267 3592 p
291 3503 364 3568 666.
396 3498 596 3590 ἀνθρώπων
619 3499 799 3591 οἷνόνόρων
825 3505 906 3569 Plnt.
936 3504 974 3571 V
1003 3507 1098 3571 Marc.
1128 3526 1157 3570 α.

61 3607 145 3674 Xlll.
176 3601 352 3694 εὐόρνιθες
386 3607 502 3672 οἴωνοι
537 3606 666 3694 Dionys.
689 3607 775 3672 Antt.
805 3605 843 3670 ll.
875 3606 929 3685 73,
959 3606 1034 3675 398.
1063 3603 1161 3693 τηλί-

61 3719 160 3802 χθαν
191 3723 274 3800 γαῖα
309 3707 431 3792 Oppiae.
456 3708 523 3772 Hal.
548 3708 600 3774 lV.
630 3709 704 3776 336.
733 3703 931 3800 hadulphus
963 3711 1025 3779 αἶα
1046 3704 1157 3772 desub·

62 3815 145 3900 Sept.
168 3810 245 3879 396.
271 3802 393 3898 σελήνη
416 3808 605 3898 πόμμηνος
625 3813 775 3877 Plutarch.
800 3813 836 3877 de
858 3812 929 3877 Fac.
953 3813 1031 3876 Lon.
1054 3804 1157 3873 XXll.

60 3915 115 3980 71.
152 3914 188 3982 Τ.
217 3913 302 3980 Xlll.
336 3914 434 4005 χαίτη
470 3907 587 4000 adripe}
623 3925 655 3980 et
696 3909 882 4001 κνανόθριξ
918 3912 1007 3979 Poll.
1025 3910 1050 3974 l.
1082 3906 1158 3979 189.

62 4018 151 4085 dnth.
176 4018 243 4085 Pal.
267 4016 319 4084 Vl.
343 4040 375 4083 n.
397 4014 473 4086 259.
498 4009 604 4105 φόβαι
619 4010 813 4110 ὀρθότριχες
829 4017 957 4101 Dionys.
979 4012 1067 4079 Antt.
1089 4010 1157 4081 Vll.
