<?xml version="1.0" encoding="UTF-8"?>
<!DOCTYPE html PUBLIC "-//W3C//DTD XHTML 1.0 Transitional//EN"
    "http://www.w3.org/TR/xhtml1/DTD/xhtml1-transitional.dtd">
<html xmlns="http://www.w3.org/1999/xhtml" xml:lang="en" lang="en">
 <head>
  <title>
</title>
<meta http-equiv="Content-Type" content="text/html;charset=utf-8" />
  <meta name='ocr-system' content='tesseract 3.04.00' />
  <meta name='ocr-capabilities' content='ocr_page ocr_carea ocr_par ocr_line ocrx_word'/>
</head>
<body>
  <div class='ocr_page' id='page_1' title='image "./paralipomenagra01lobegoog_0184.png"; bbox 0 0 2534 4492; ppageno 0'>
   <div class='ocr_carea' id='block_1_1' title="bbox 116 149 869 231">
    <p class='ocr_par' dir='ltr' id='par_1_1' title="bbox 116 149 869 231">
     <span class='ocr_line' id='line_1_1' title="bbox 116 149 869 231; baseline -0.019 0"><span class='ocrx_word' id='word_1_1' title='bbox 116 160 187 231; x_wconf 68' lang='lat'>502</span> <span class='ocrx_word' id='word_1_2' title='bbox 444 149 750 219; x_wconf 76' lang='lat' dir='ltr'>utssutttnrto</span> <span class='ocrx_word' id='word_1_3' title='bbox 772 149 869 217; x_wconf 82' lang='lat' dir='ltr'>Vidi.</span> 
     </span>
    </p>
   </div>
   <div class='ocr_carea' id='block_1_2' title="bbox 117 327 1209 425">
    <p class='ocr_par' dir='ltr' id='par_1_2' title="bbox 117 327 1209 425">
     <span class='ocr_line' id='line_1_2' title="bbox 117 327 1209 425; baseline -0.014 -19"><span class='ocrx_word' id='word_1_4' title='bbox 117 363 176 425; x_wconf 94' lang='lat' dir='ltr'>quo</span> <span class='ocrx_word' id='word_1_5' title='bbox 204 346 323 404; x_wconf 88' lang='lat' dir='ltr'>veteres</span> <span class='ocrx_word' id='word_1_6' title='bbox 344 331 388 396; x_wconf 83' lang='lat' dir='ltr'>ite</span> <span class='ocrx_word' id='word_1_7' title='bbox 407 331 578 414; x_wconf 88' lang='lat' dir='ltr'>loquuntur,</span> <span class='ocrx_word' id='word_1_8' title='bbox 612 330 696 414; x_wconf 80' lang='lat' dir='ltr'>quasi</span> <span class='ocrx_word' id='word_1_9' title='bbox 731 329 862 394; x_wconf 80' lang='lat' dir='ltr'><strong>studiose</strong></span> <span class='ocrx_word' id='word_1_10' title='bbox 897 327 1063 414; x_wconf 81' lang='lat' dir='ltr'>quaesitum</span> <span class='ocrx_word' id='word_1_11' title='bbox 1090 338 1209 410; x_wconf 89' lang='lat' dir='ltr'>putent.</span> 
     </span>
    </p>
   </div>
   <div class='ocr_carea' id='block_1_3' title="bbox 64 425 1230 4077">
    <p class='ocr_par' dir='ltr' id='par_1_3' title="bbox 64 425 1230 4077">
     <span class='ocr_line' id='line_1_3' title="bbox 118 425 1213 518; baseline -0.006 -13"><span class='ocrx_word' id='word_1_12' title='bbox 118 439 217 505; x_wconf 88' lang='lat' dir='ltr'>Schol.</span> <span class='ocrx_word' id='word_1_13' title='bbox 241 437 319 500; x_wconf 89' lang='lat' dir='ltr'>Ven.</span> <span class='ocrx_word' id='word_1_14' title='bbox 343 432 396 499; x_wconf 90' lang='lat' dir='ltr'>VI.</span> <span class='ocrx_word' id='word_1_15' title='bbox 421 431 494 497; x_wconf 81' lang='lat'><strong>198.</strong></span> <span class='ocrx_word' id='word_1_16' title='bbox 518 431 698 518; x_wconf 82' lang='grc' dir='ltr'><strong><em>τέμενος</em></strong></span> <span class='ocrx_word' id='word_1_17' title='bbox 713 427 943 518; x_wconf 79' lang='grc' dir='ltr'><strong><em>τόμον-ἦ</em></strong></span> <span class='ocrx_word' id='word_1_18' title='bbox 959 430 1059 516; x_wconf 88' lang='grc' dir='ltr'><strong><em>διπλή</em></strong></span> <span class='ocrx_word' id='word_1_19' title='bbox 1080 425 1132 496; x_wconf 84' lang='grc' dir='ltr'>ὅτι</span> <span class='ocrx_word' id='word_1_20' title='bbox 1147 456 1213 498; x_wconf 85' lang='grc' dir='ltr'>πα·</span> 
     </span>
     <span class='ocr_line' id='line_1_4' title="bbox 116 528 1212 628; baseline -0.009 -20"><span class='ocrx_word' id='word_1_21' title='bbox 116 539 334 628; x_wconf 83' lang='grc' dir='ltr'><strong><em>ρετυμσλογεῖ</em></strong></span> <span class='ocrx_word' id='word_1_22' title='bbox 360 531 399 600; x_wconf 92' lang='grc' dir='ltr'>τό</span> <span class='ocrx_word' id='word_1_23' title='bbox 431 533 571 619; x_wconf 77' lang='grc' dir='ltr'><strong><em>τέμενος</em></strong></span> <span class='ocrx_word' id='word_1_24' title='bbox 603 529 671 601; x_wconf 85' lang='grc' dir='ltr'><strong><em>οἷπό</em></strong></span> <span class='ocrx_word' id='word_1_25' title='bbox 701 533 763 600; x_wconf 79' lang='grc' dir='ltr'>τοῦ</span> <span class='ocrx_word' id='word_1_26' title='bbox 790 546 917 620; x_wconf 89' lang='grc' dir='ltr'><strong><em>τεμεῖν·</em></strong></span> <span class='ocrx_word' id='word_1_27' title='bbox 949 544 980 597; x_wconf 90' lang='lat' dir='ltr'>et</span> <span class='ocrx_word' id='word_1_28' title='bbox 1011 557 1043 599; x_wconf 87' lang='lat' dir='ltr'>v.</span> <span class='ocrx_word' id='word_1_29' title='bbox 1069 530 1145 598; x_wconf 78' lang='lat'>201.</span> <span class='ocrx_word' id='word_1_30' title='bbox 1167 528 1212 599; x_wconf 88' lang='grc' dir='ltr'>τό</span> 
     </span>
     <span class='ocr_line' id='line_1_5' title="bbox 64 629 1213 729; baseline -0.007 -20"><span class='ocrx_word' id='word_1_31' title='bbox 64 724 67 729; x_wconf 26' lang='lat'>¹</span> <span class='ocrx_word' id='word_1_32' title='bbox 115 635 282 727; x_wconf 80' lang='grc' dir='ltr'><strong><em>Ἀλήϊον</em></strong></span> <span class='ocrx_word' id='word_1_33' title='bbox 298 637 387 710; x_wconf 79' lang='grc' dir='ltr'><strong><em>οἷος</em></strong></span> <span class='ocrx_word' id='word_1_34' title='bbox 398 629 602 721; x_wconf 73' lang='grc' dir='ltr'><strong><em>ἀλᾶτο-η’</em></strong></span> <span class='ocrx_word' id='word_1_35' title='bbox 612 635 712 724; x_wconf 89' lang='grc' dir='ltr'><strong><em>διπλή</em></strong></span> <span class='ocrx_word' id='word_1_36' title='bbox 724 633 1054 722; x_wconf 86' lang='grc' dir='ltr'><strong><em>ότιπαρετυμολογεῑ</em></strong></span> <span class='ocrx_word' id='word_1_37' title='bbox 1067 632 1108 700; x_wconf 84' lang='grc' dir='ltr'>τό</span> <span class='ocrx_word' id='word_1_38' title='bbox 1119 629 1213 721; x_wconf 82' lang='grc' dir='ltr'><strong><em>Ἀλή·</em></strong></span> 
     </span>
     <span class='ocr_line' id='line_1_6' title="bbox 118 736 1213 825; baseline -0.009 -14"><span class='ocrx_word' id='word_1_39' title='bbox 118 756 184 823; x_wconf 84' lang='grc' dir='ltr'><strong><em>ϊον,</em></strong></span> <span class='ocrx_word' id='word_1_40' title='bbox 207 744 366 825; x_wconf 90' lang='lat' dir='ltr'>eodemque</span> <span class='ocrx_word' id='word_1_41' title='bbox 396 740 481 802; x_wconf 93' lang='lat' dir='ltr'>modo</span> <span class='ocrx_word' id='word_1_42' title='bbox 508 739 545 801; x_wconf 85' lang='lat' dir='ltr'>ad</span> <span class='ocrx_word' id='word_1_43' title='bbox 566 737 602 801; x_wconf 80' lang='lat' dir='ltr'>t.</span> <span class='ocrx_word' id='word_1_44' title='bbox 627 738 679 801; x_wconf 91' lang='lat' dir='ltr'>lX.</span> <span class='ocrx_word' id='word_1_45' title='bbox 705 739 779 804; x_wconf 87' lang='grc'><strong>137.</strong></span> <span class='ocrx_word' id='word_1_46' title='bbox 807 749 838 802; x_wconf 90' lang='lat' dir='ltr'>et</span> <span class='ocrx_word' id='word_1_47' title='bbox 859 737 986 821; x_wconf 85' lang='lat' dir='ltr'>saepius.</span> <span class='ocrx_word' id='word_1_48' title='bbox 1031 736 1130 821; x_wconf 83' lang='lat' dir='ltr'>Atque</span> <span class='ocrx_word' id='word_1_49' title='bbox 1156 737 1213 801; x_wconf 89' lang='lat' dir='ltr'>buc</span> 
     </span>
     <span class='ocr_line' id='line_1_7' title="bbox 116 839 1211 915; baseline -0.007 -4"><span class='ocrx_word' id='word_1_50' title='bbox 116 869 177 911; x_wconf 92' lang='lat' dir='ltr'>non</span> <span class='ocrx_word' id='word_1_51' title='bbox 198 845 293 908; x_wconf 90' lang='lat' dir='ltr'>solum</span> <span class='ocrx_word' id='word_1_52' title='bbox 308 840 505 915; x_wconf 72' lang='lat' dir='ltr'>accusativos,</span> <span class='ocrx_word' id='word_1_53' title='bbox 529 850 563 903; x_wconf 90' lang='lat' dir='ltr'>ut</span> <span class='ocrx_word' id='word_1_54' title='bbox 580 852 700 905; x_wconf 84' lang='lat' dir='ltr'>nostrae</span> <span class='ocrx_word' id='word_1_55' title='bbox 715 842 822 906; x_wconf 79' lang='lat' dir='ltr'>aetatis</span> <span class='ocrx_word' id='word_1_56' title='bbox 837 839 1039 913; x_wconf 83' lang='lat' dir='ltr'>Grammatici,</span> <span class='ocrx_word' id='word_1_57' title='bbox 1064 840 1211 914; x_wconf 85' lang='lat' dir='ltr'>referunt,</span> 
     </span>
     <span class='ocr_line' id='line_1_8' title="bbox 115 930 1215 1037; baseline -0.006 -22"><span class='ocrx_word' id='word_1_58' title='bbox 115 930 223 1037; x_wconf 81' lang='grc' dir='ltr'><strong><em>τεῖχος</em></strong></span> <span class='ocrx_word' id='word_1_59' title='bbox 244 942 480 1033; x_wconf 74' lang='grc' dir='ltr'><strong><em>ἐτειχίσσαντο,</em></strong></span> <span class='ocrx_word' id='word_1_60' title='bbox 505 939 604 1008; x_wconf 90' lang='grc' dir='ltr'><strong><em>δαίνυ</em></strong></span> <span class='ocrx_word' id='word_1_61' title='bbox 623 940 729 1017; x_wconf 89' lang='grc' dir='ltr'><strong><em>δαῖτα,</em></strong></span> <span class='ocrx_word' id='word_1_62' title='bbox 752 940 876 1031; x_wconf 82' lang='grc' dir='ltr'><strong><em>αἰχμιίς</em></strong></span> <span class='ocrx_word' id='word_1_63' title='bbox 894 936 1140 1030; x_wconf 76' lang='grc' dir='ltr'><em>αἰχμάσσουσι,</em></span> <span class='ocrx_word' id='word_1_64' title='bbox 1162 940 1215 1008; x_wconf 81' lang='grc' dir='ltr'><strong><em>σί·</em></strong></span> 
     </span>
     <span class='ocr_line' id='line_1_9' title="bbox 115 1042 1215 1130; baseline -0.01 -12"><span class='ocrx_word' id='word_1_65' title='bbox 115 1073 178 1119; x_wconf 93' lang='grc' dir='ltr'>νον</span> <span class='ocrx_word' id='word_1_66' title='bbox 201 1046 380 1127; x_wconf 86' lang='grc' dir='ltr'><strong><em>οἰνίζοντο,</em></strong></span> <span class='ocrx_word' id='word_1_67' title='bbox 403 1042 525 1128; x_wconf 77' lang='grc' dir='ltr'><strong><em>ἱδρῶτα</em></strong></span> <span class='ocrx_word' id='word_1_68' title='bbox 543 1043 583 1110; x_wconf 81' lang='grc' dir='ltr'>ὃν</span> <span class='ocrx_word' id='word_1_69' title='bbox 605 1043 730 1130; x_wconf 85' lang='grc' dir='ltr'><strong><em>ἵδρωσα</em></strong></span> <span class='ocrx_word' id='word_1_70' title='bbox 751 1056 810 1108; x_wconf 89' lang='lat' dir='ltr'>etc.</span> <span class='ocrx_word' id='word_1_71' title='bbox 834 1044 886 1107; x_wconf 90' lang='lat' dir='ltr'>sed</span> <span class='ocrx_word' id='word_1_72' title='bbox 909 1044 997 1106; x_wconf 85' lang='lat' dir='ltr'>etiem</span> <span class='ocrx_word' id='word_1_73' title='bbox 1019 1042 1071 1106; x_wconf 91' lang='lat' dir='ltr'>ubi</span> <span class='ocrx_word' id='word_1_74' title='bbox 1092 1043 1146 1106; x_wconf 81' lang='lat' dir='ltr'>atii</span> <span class='ocrx_word' id='word_1_75' title='bbox 1168 1064 1215 1107; x_wconf 86' lang='lat' dir='ltr'>ce·</span> 
     </span>
     <span class='ocr_line' id='line_1_10' title="bbox 114 1145 1214 1230; baseline -0.007 -13"><span class='ocrx_word' id='word_1_76' title='bbox 114 1173 165 1217; x_wconf 92' lang='lat' dir='ltr'>sus</span> <span class='ocrx_word' id='word_1_77' title='bbox 187 1151 238 1215; x_wconf 90' lang='lat' dir='ltr'>vel</span> <span class='ocrx_word' id='word_1_78' title='bbox 257 1149 333 1212; x_wconf 85' lang='lat' dir='ltr'>aliae</span> <span class='ocrx_word' id='word_1_79' title='bbox 355 1145 500 1211; x_wconf 83' lang='lat' dir='ltr'>orationis</span> <span class='ocrx_word' id='word_1_80' title='bbox 515 1147 872 1230; x_wconf 80' lang='lat' dir='ltr'>partesverboejusdem</span> <span class='ocrx_word' id='word_1_81' title='bbox 890 1145 985 1229; x_wconf 81' lang='lat' dir='ltr'>etymi</span> <span class='ocrx_word' id='word_1_82' title='bbox 999 1146 1214 1230; x_wconf 82' lang='lat' dir='ltr'>adjunguntur,</span> 
     </span>
     <span class='ocr_line' id='line_1_11' title="bbox 113 1238 1216 1336; baseline -0.008 -14"><span class='ocrx_word' id='word_1_83' title='bbox 113 1249 294 1322; x_wconf 80' lang='grc' dir='ltr'><strong><em>πεπόλιστο</em></strong></span> <span class='ocrx_word' id='word_1_84' title='bbox 317 1238 424 1322; x_wconf 84' lang='grc' dir='ltr'><strong><em>πόλις,</em></strong></span> <span class='ocrx_word' id='word_1_85' title='bbox 447 1240 553 1336; x_wconf 74' lang='grc' dir='ltr'><strong><em>χυτήν</em></strong></span> <span class='ocrx_word' id='word_1_86' title='bbox 569 1256 673 1333; x_wconf 87' lang='grc' dir='ltr'><strong><em>γαῖαν</em></strong></span> <span class='ocrx_word' id='word_1_87' title='bbox 689 1248 813 1336; x_wconf 81' lang='grc' dir='ltr'><strong><em>ἔχευεν,</em></strong></span> <span class='ocrx_word' id='word_1_88' title='bbox 831 1243 982 1333; x_wconf 83' lang='grc' dir='ltr'><strong><em>φαεινήν</em></strong></span> <span class='ocrx_word' id='word_1_89' title='bbox 1010 1240 1102 1333; x_wconf 84' lang='grc' dir='ltr'><strong><em>οίμφλ</em></strong></span> <span class='ocrx_word' id='word_1_90' title='bbox 1123 1242 1216 1331; x_wconf 90' lang='grc' dir='ltr'><strong><em>σελή-</em></strong></span> 
     </span>
     <span class='ocr_line' id='line_1_12' title="bbox 113 1340 1218 1442; baseline -0.007 -22"><span class='ocrx_word' id='word_1_91' title='bbox 113 1380 178 1442; x_wconf 91' lang='grc' dir='ltr'>νην</span> <span class='ocrx_word' id='word_1_92' title='bbox 196 1351 365 1441; x_wconf 84' lang='grc' dir='ltr'><strong><em>φαίνεται,</em></strong></span> <span class='ocrx_word' id='word_1_93' title='bbox 388 1342 513 1434; x_wconf 89' lang='grc' dir='ltr'><strong><em>κλήδην</em></strong></span> <span class='ocrx_word' id='word_1_94' title='bbox 536 1340 736 1434; x_wconf 83' lang='grc' dir='ltr'><strong><em>κικλήσκειν,</em></strong></span> <span class='ocrx_word' id='word_1_95' title='bbox 758 1349 924 1436; x_wconf 77' lang='grc' dir='ltr'><strong><em>πέρναται</em></strong></span> <span class='ocrx_word' id='word_1_96' title='bbox 946 1347 1055 1436; x_wconf 84' lang='grc' dir='ltr'><strong><em>πίρην</em></strong></span> <span class='ocrx_word' id='word_1_97' title='bbox 1075 1345 1152 1422; x_wconf 79' lang='grc' dir='ltr'><strong><em>σίλός</em></strong></span> <span class='ocrx_word' id='word_1_98' title='bbox 1170 1359 1218 1412; x_wconf 87' lang='lat' dir='ltr'>at·</span> 
     </span>
     <span class='ocr_line' id='line_1_13' title="bbox 114 1450 1218 1543; baseline -0.007 -21"><span class='ocrx_word' id='word_1_99' title='bbox 114 1480 171 1543; x_wconf 92' lang='lat' dir='ltr'>que</span> <span class='ocrx_word' id='word_1_100' title='bbox 193 1456 251 1520; x_wconf 83' lang='lat' dir='ltr'>elia</span> <span class='ocrx_word' id='word_1_101' title='bbox 272 1454 359 1536; x_wconf 86' lang='lat' dir='ltr'>hujus</span> <span class='ocrx_word' id='word_1_102' title='bbox 381 1451 460 1514; x_wconf 90' lang='lat' dir='ltr'>modi</span> <span class='ocrx_word' id='word_1_103' title='bbox 483 1451 621 1539; x_wconf 78' lang='lat' dir='ltr'>exempla</span> <span class='ocrx_word' id='word_1_104' title='bbox 647 1473 666 1515; x_wconf 84' lang='lat' dir='ltr'>a</span> <span class='ocrx_word' id='word_1_105' title='bbox 689 1450 927 1537; x_wconf 85' lang='lat' dir='ltr'>Scholiogrophis</span> <span class='ocrx_word' id='word_1_106' title='bbox 955 1452 1059 1516; x_wconf 91' lang='lat' dir='ltr'>sedulo</span> <span class='ocrx_word' id='word_1_107' title='bbox 1086 1451 1218 1514; x_wconf 83' lang='lat' dir='ltr'>animad-</span> 
     </span>
     <span class='ocr_line' id='line_1_14' title="bbox 114 1552 1219 1637; baseline -0.008 -13"><span class='ocrx_word' id='word_1_108' title='bbox 114 1579 215 1625; x_wconf 85' lang='lat' dir='ltr'>versa.</span> <span class='ocrx_word' id='word_1_109' title='bbox 261 1555 365 1637; x_wconf 82' lang='lat' dir='ltr'>Neque</span> <span class='ocrx_word' id='word_1_110' title='bbox 396 1554 582 1617; x_wconf 88' lang='lat' dir='ltr'>incommode</span> <span class='ocrx_word' id='word_1_111' title='bbox 613 1553 686 1619; x_wconf 85' lang='lat' dir='ltr'>haec</span> <span class='ocrx_word' id='word_1_112' title='bbox 714 1555 849 1637; x_wconf 87' lang='lat' dir='ltr'>quumvis</span> <span class='ocrx_word' id='word_1_113' title='bbox 878 1554 963 1618; x_wconf 83' lang='lat' dir='ltr'>varie</span> <span class='ocrx_word' id='word_1_114' title='bbox 995 1564 1140 1618; x_wconf 82' lang='lat' dir='ltr'>contexta</span> <span class='ocrx_word' id='word_1_115' title='bbox 1165 1552 1219 1617; x_wconf 92' lang='lat' dir='ltr'>uni</span> 
     </span>
     <span class='ocr_line' id='line_1_15' title="bbox 115 1655 1219 1743; baseline -0.005 -19"><span class='ocrx_word' id='word_1_116' title='bbox 115 1658 314 1743; x_wconf 89' lang='lat' dir='ltr'>subjiciuntur</span> <span class='ocrx_word' id='word_1_117' title='bbox 335 1655 453 1739; x_wconf 83' lang='lat' dir='ltr'>generi,</span> <span class='ocrx_word' id='word_1_118' title='bbox 477 1655 615 1737; x_wconf 84' lang='lat' dir='ltr'>quoniam</span> <span class='ocrx_word' id='word_1_119' title='bbox 637 1656 737 1720; x_wconf 84' lang='lat' dir='ltr'>omnia</span> <span class='ocrx_word' id='word_1_120' title='bbox 757 1659 793 1720; x_wconf 84' lang='lat' dir='ltr'>sb</span> <span class='ocrx_word' id='word_1_121' title='bbox 816 1660 918 1721; x_wconf 82' lang='lat' dir='ltr'>eadem</span> <span class='ocrx_word' id='word_1_122' title='bbox 942 1656 1064 1721; x_wconf 84' lang='lat' dir='ltr'>licentia</span> <span class='ocrx_word' id='word_1_123' title='bbox 1086 1656 1219 1739; x_wconf 83' lang='lat' dir='ltr'>profecte</span> 
     </span>
     <span class='ocr_line' id='line_1_16' title="bbox 114 1756 1219 1843; baseline -0.005 -16"><span class='ocrx_word' id='word_1_124' title='bbox 114 1771 198 1836; x_wconf 87' lang='lat' dir='ltr'>suut,</span> <span class='ocrx_word' id='word_1_125' title='bbox 221 1778 278 1843; x_wconf 85' lang='lat' dir='ltr'>que</span> <span class='ocrx_word' id='word_1_126' title='bbox 300 1756 409 1821; x_wconf 85' lang='lat' dir='ltr'>Gracci</span> <span class='ocrx_word' id='word_1_127' title='bbox 429 1777 472 1819; x_wconf 77' lang='lat' dir='ltr'>ex</span> <span class='ocrx_word' id='word_1_128' title='bbox 493 1777 636 1821; x_wconf 91' lang='lat' dir='ltr'>concesso</span> <span class='ocrx_word' id='word_1_129' title='bbox 653 1767 793 1835; x_wconf 89' lang='lat' dir='ltr'>utuntur,</span> <span class='ocrx_word' id='word_1_130' title='bbox 821 1776 877 1824; x_wconf 88' lang='lat' dir='ltr'>nos</span> <span class='ocrx_word' id='word_1_131' title='bbox 901 1770 1000 1825; x_wconf 82' lang='lat' dir='ltr'>notem</span> <span class='ocrx_word' id='word_1_132' title='bbox 1023 1759 1066 1821; x_wconf 74' lang='lat' dir='ltr'>ite</span> <span class='ocrx_word' id='word_1_133' title='bbox 1087 1758 1219 1822; x_wconf 86' lang='lat' dir='ltr'>sbstine·</span> 
     </span>
     <span class='ocr_line' id='line_1_17' title="bbox 116 1848 1220 1945; baseline -0.002 -18"><span class='ocrx_word' id='word_1_134' title='bbox 116 1858 193 1937; x_wconf 80' lang='lat' dir='ltr'>m&#39;us,</span> <span class='ocrx_word' id='word_1_135' title='bbox 216 1872 251 1925; x_wconf 89' lang='lat' dir='ltr'>ut</span> <span class='ocrx_word' id='word_1_136' title='bbox 272 1879 396 1945; x_wconf 80' lang='lat' dir='ltr'>perraro</span> <span class='ocrx_word' id='word_1_137' title='bbox 418 1857 561 1923; x_wconf 86' lang='lat' dir='ltr'>vocsbubs</span> <span class='ocrx_word' id='word_1_138' title='bbox 579 1880 750 1943; x_wconf 73' lang='lat' dir='ltr'>congeneret</span> <span class='ocrx_word' id='word_1_139' title='bbox 770 1874 803 1927; x_wconf 83' lang='lat' dir='ltr'>et</span> <span class='ocrx_word' id='word_1_140' title='bbox 823 1848 1057 1927; x_wconf 79' lang='lat' dir='ltr'>consous‘intor</span> <span class='ocrx_word' id='word_1_141' title='bbox 1084 1880 1119 1925; x_wconf 87' lang='lat' dir='ltr'>se</span> <span class='ocrx_word' id='word_1_142' title='bbox 1140 1880 1220 1925; x_wconf 85' lang='lat' dir='ltr'>conr·</span> 
     </span>
     <span class='ocr_line' id='line_1_18' title="bbox 113 1961 1221 2047; baseline -0.002 -19"><span class='ocrx_word' id='word_1_143' title='bbox 113 1966 278 2028; x_wconf 72' lang='lat' dir='ltr'>mittemus·</span> <span class='ocrx_word' id='word_1_144' title='bbox 322 1961 481 2043; x_wconf 78' lang='lat' dir='ltr'>Quousque</span> <span class='ocrx_word' id='word_1_145' title='bbox 502 1971 603 2041; x_wconf 75' lang='lat' dir='ltr'>entem</span> <span class='ocrx_word' id='word_1_146' title='bbox 628 1962 703 2028; x_wconf 83' lang='lat' dir='ltr'>bsec</span> <span class='ocrx_word' id='word_1_147' title='bbox 722 1965 905 2030; x_wconf 79' lang='lat' dir='ltr'>constructio</span> <span class='ocrx_word' id='word_1_148' title='bbox 926 1963 1076 2047; x_wconf 81' lang='lat' dir='ltr'>pertineat</span> <span class='ocrx_word' id='word_1_149' title='bbox 1098 1972 1131 2027; x_wconf 85' lang='lat' dir='ltr'>et</span> <span class='ocrx_word' id='word_1_150' title='bbox 1155 1961 1221 2046; x_wconf 85' lang='lat' dir='ltr'>qui-</span> 
     </span>
     <span class='ocr_line' id='line_1_19' title="bbox 117 2058 1220 2147; baseline -0.001 -17"><span class='ocrx_word' id='word_1_151' title='bbox 117 2067 173 2130; x_wconf 87' lang='lat' dir='ltr'>bus</span> <span class='ocrx_word' id='word_1_152' title='bbox 193 2062 338 2127; x_wconf 78' lang='lat' dir='ltr'>adstricta</span> <span class='ocrx_word' id='word_1_153' title='bbox 358 2063 401 2127; x_wconf 87' lang='lat' dir='ltr'>sit</span> <span class='ocrx_word' id='word_1_154' title='bbox 421 2058 548 2147; x_wconf 80' lang='lat' dir='ltr'>legibus,</span> <span class='ocrx_word' id='word_1_155' title='bbox 571 2085 660 2128; x_wconf 72' lang='lat' dir='ltr'>neno</span> <span class='ocrx_word' id='word_1_156' title='bbox 680 2062 800 2129; x_wconf 82' lang='lat' dir='ltr'>iliorum</span> <span class='ocrx_word' id='word_1_157' title='bbox 823 2082 878 2129; x_wconf 89' lang='lat' dir='ltr'>nos</span> <span class='ocrx_word' id='word_1_158' title='bbox 900 2066 1045 2129; x_wconf 87' lang='lat' dir='ltr'>certiores</span> <span class='ocrx_word' id='word_1_159' title='bbox 1068 2065 1168 2128; x_wconf 79' lang='lat' dir='ltr'>reddit</span> <span class='ocrx_word' id='word_1_160' title='bbox 1184 2082 1220 2129; x_wconf 77' lang='lat' dir='ltr'>to</span> 
     </span>
     <span class='ocr_line' id='line_1_20' title="bbox 116 2164 1220 2252; baseline -0.001 -21"><span class='ocrx_word' id='word_1_161' title='bbox 116 2166 220 2231; x_wconf 88' lang='lat' dir='ltr'>neseio</span> <span class='ocrx_word' id='word_1_162' title='bbox 240 2184 282 2230; x_wconf 83' lang='lat' dir='ltr'>en</span> <span class='ocrx_word' id='word_1_163' title='bbox 304 2164 452 2248; x_wconf 81' lang='lat' dir='ltr'>plerisque</span> <span class='ocrx_word' id='word_1_164' title='bbox 478 2165 551 2229; x_wconf 82' lang='lat' dir='ltr'>baec</span> <span class='ocrx_word' id='word_1_165' title='bbox 573 2186 623 2229; x_wconf 87' lang='lat' dir='ltr'>res</span> <span class='ocrx_word' id='word_1_166' title='bbox 636 2187 739 2250; x_wconf 89' lang='lat' dir='ltr'>psrum</span> <span class='ocrx_word' id='word_1_167' title='bbox 754 2168 875 2252; x_wconf 83' lang='lat' dir='ltr'>provise</span> <span class='ocrx_word' id='word_1_168' title='bbox 890 2165 993 2231; x_wconf 77' lang='lat' dir='ltr'>fuerit.</span> <span class='ocrx_word' id='word_1_169' title='bbox 1038 2166 1130 2230; x_wconf 83' lang='lat' dir='ltr'>Certe</span> <span class='ocrx_word' id='word_1_170' title='bbox 1147 2184 1220 2251; x_wconf 75' lang='lat' dir='ltr'>quse</span> 
     </span>
     <span class='ocr_line' id='line_1_21' title="bbox 118 2265 1219 2356; baseline 0.003 -24"><span class='ocrx_word' id='word_1_171' title='bbox 118 2268 218 2333; x_wconf 87' lang='lat' dir='ltr'>Sobel.</span> <span class='ocrx_word' id='word_1_172' title='bbox 248 2267 285 2331; x_wconf 89' lang='lat' dir='ltr'>sd</span> <span class='ocrx_word' id='word_1_173' title='bbox 306 2267 381 2330; x_wconf 87' lang='lat' dir='ltr'>Eur.</span> <span class='ocrx_word' id='word_1_174' title='bbox 405 2266 483 2332; x_wconf 87' lang='lat' dir='ltr'>Heo.</span> <span class='ocrx_word' id='word_1_175' title='bbox 511 2265 586 2333; x_wconf 77' lang='lat'><strong>762.</strong></span> <span class='ocrx_word' id='word_1_176' title='bbox 617 2269 784 2354; x_wconf 89' lang='lat' dir='ltr'>componit,</span> <span class='ocrx_word' id='word_1_177' title='bbox 814 2267 955 2343; x_wconf 79' lang='grc' dir='ltr'><strong><em>σίττικοίσ</em></strong></span> <span class='ocrx_word' id='word_1_178' title='bbox 978 2265 1022 2343; x_wconf 79' lang='lat' dir='ltr'>oie</span> <span class='ocrx_word' id='word_1_179' title='bbox 1040 2267 1080 2335; x_wconf 85' lang='grc' dir='ltr'>τό</span> <span class='ocrx_word' id='word_1_180' title='bbox 1099 2265 1219 2356; x_wconf 84' lang='grc' dir='ltr'><strong><em>γροίφα</em></strong></span> 
     </span>
     <span class='ocr_line' id='line_1_22' title="bbox 113 2363 1219 2461; baseline 0.002 -24"><span class='ocrx_word' id='word_1_181' title='bbox 113 2363 251 2461; x_wconf 89' lang='grc' dir='ltr'><strong><em>γραφήν</em></strong></span> <span class='ocrx_word' id='word_1_182' title='bbox 270 2369 327 2437; x_wconf 84' lang='grc' dir='ltr'><strong><em>κοιλ</em></strong></span> <span class='ocrx_word' id='word_1_183' title='bbox 350 2368 432 2458; x_wconf 81' lang='grc' dir='ltr'><strong><em>λίγα</em></strong></span> <span class='ocrx_word' id='word_1_184' title='bbox 451 2364 564 2457; x_wconf 90' lang='grc' dir='ltr'><strong><em>λόγον,</em></strong></span> <span class='ocrx_word' id='word_1_185' title='bbox 587 2367 676 2437; x_wconf 66' lang='lat' dir='ltr'>odeo</span> <span class='ocrx_word' id='word_1_186' title='bbox 701 2366 758 2439; x_wconf 83' lang='grc' dir='ltr'><strong><em>ιίαλ</em></strong></span> <span class='ocrx_word' id='word_1_187' title='bbox 776 2373 932 2440; x_wconf 78' lang='grc' dir='ltr'><strong><em>πονοῦσα</em></strong></span> <span class='ocrx_word' id='word_1_188' title='bbox 956 2365 1064 2438; x_wconf 84' lang='grc' dir='ltr'><strong><em>πόνον</em></strong></span> <span class='ocrx_word' id='word_1_189' title='bbox 1082 2365 1219 2456; x_wconf 79' lang='grc' dir='ltr'><strong><em>(σ’ίλλσν)</em></strong></span> 
     </span>
     <span class='ocr_line' id='line_1_23' title="bbox 116 2468 1220 2563; baseline 0.002 -26"><span class='ocrx_word' id='word_1_190' title='bbox 116 2480 243 2556; x_wconf 82' lang='lat' dir='ltr'>et&#39;quae</span> <span class='ocrx_word' id='word_1_191' title='bbox 274 2472 373 2536; x_wconf 90' lang='lat' dir='ltr'>Schol.</span> <span class='ocrx_word' id='word_1_192' title='bbox 401 2471 488 2535; x_wconf 90' lang='lat' dir='ltr'>Pind.</span> <span class='ocrx_word' id='word_1_193' title='bbox 519 2471 565 2534; x_wconf 88' lang='grc'>01.</span> <span class='ocrx_word' id='word_1_194' title='bbox 595 2473 638 2536; x_wconf 89' lang='grc' dir='ltr'>Χ.</span> <span class='ocrx_word' id='word_1_195' title='bbox 669 2471 723 2539; x_wconf 88' lang='grc'>86.</span> <span class='ocrx_word' id='word_1_196' title='bbox 757 2471 864 2563; x_wconf 76' lang='grc' dir='ltr'><strong><em>σ’ίςπερ</em></strong></span> <span class='ocrx_word' id='word_1_197' title='bbox 891 2475 1007 2562; x_wconf 75' lang='grc' dir='ltr'><strong><em>φαμὲν</em></strong></span> <span class='ocrx_word' id='word_1_198' title='bbox 1031 2468 1162 2559; x_wconf 69' lang='grc' dir='ltr'><strong><em>ὑβρίζοι</em></strong></span> <span class='ocrx_word' id='word_1_199' title='bbox 1187 2496 1220 2547; x_wconf 82' lang='grc' dir='ltr'>σε</span> 
     </span>
     <span class='ocr_line' id='line_1_24' title="bbox 116 2569 1221 2665; baseline 0.003 -25"><span class='ocrx_word' id='word_1_200' title='bbox 116 2569 230 2662; x_wconf 83' lang='grc' dir='ltr'><strong><em>ίίβριν,</em></strong></span> <span class='ocrx_word' id='word_1_201' title='bbox 252 2570 342 2641; x_wconf 84' lang='grc' dir='ltr'><strong><em>οὕτω</em></strong></span> <span class='ocrx_word' id='word_1_202' title='bbox 364 2571 423 2640; x_wconf 86' lang='grc' dir='ltr'>καλ</span> <span class='ocrx_word' id='word_1_203' title='bbox 447 2571 534 2641; x_wconf 83' lang='grc' dir='ltr'><strong><em>ἔδικε</em></strong></span> <span class='ocrx_word' id='word_1_204' title='bbox 551 2575 663 2660; x_wconf 71' lang='grc' dir='ltr'><strong><em>μᾶκος</em></strong></span> <span class='ocrx_word' id='word_1_205' title='bbox 681 2573 759 2645; x_wconf 72' lang='lat' dir='ltr'>ciret</span> <span class='ocrx_word' id='word_1_206' title='bbox 776 2577 839 2644; x_wconf 81' lang='lat' dir='ltr'>cosi</span> <span class='ocrx_word' id='word_1_207' title='bbox 859 2572 998 2665; x_wconf 80' lang='grc' dir='ltr'><strong><em>μακρόν</em></strong></span> <span class='ocrx_word' id='word_1_208' title='bbox 1025 2576 1147 2663; x_wconf 70' lang='grc' dir='ltr'><strong><em>ἔρριψε</em></strong></span> <span class='ocrx_word' id='word_1_209' title='bbox 1169 2578 1221 2665; x_wconf 72' lang='grc' dir='ltr'>ρλ-</span> 
     </span>
     <span class='ocr_line' id='line_1_25' title="bbox 116 2675 1219 2762; baseline 0 -21"><span class='ocrx_word' id='word_1_210' title='bbox 116 2690 200 2761; x_wconf 82' lang='grc' dir='ltr'><strong><em>φιν,</em></strong></span> <span class='ocrx_word' id='word_1_211' title='bbox 230 2696 270 2738; x_wconf 87' lang='lat' dir='ltr'>ex</span> <span class='ocrx_word' id='word_1_212' title='bbox 296 2675 424 2738; x_wconf 89' lang='lat' dir='ltr'>diversis</span> <span class='ocrx_word' id='word_1_213' title='bbox 452 2677 612 2757; x_wconf 59' lang='lat' dir='ltr'>genefflus</span> <span class='ocrx_word' id='word_1_214' title='bbox 642 2678 768 2742; x_wconf 82' lang='lat' dir='ltr'>condeta</span> <span class='ocrx_word' id='word_1_215' title='bbox 790 2691 872 2744; x_wconf 90' lang='lat' dir='ltr'>sunt.</span> <span class='ocrx_word' id='word_1_216' title='bbox 918 2676 1083 2762; x_wconf 79' lang='lat' dir='ltr'>Gregorius</span> <span class='ocrx_word' id='word_1_217' title='bbox 1104 2688 1219 2757; x_wconf 83' lang='lat' dir='ltr'>nutem,</span> 
     </span>
     <span class='ocr_line' id='line_1_26' title="bbox 118 2774 1220 2869; baseline 0.008 -31"><span class='ocrx_word' id='word_1_218' title='bbox 118 2775 168 2858; x_wconf 92' lang='lat' dir='ltr'>qui</span> <span class='ocrx_word' id='word_1_219' title='bbox 195 2776 232 2837; x_wconf 90' lang='lat' dir='ltr'>do</span> <span class='ocrx_word' id='word_1_220' title='bbox 261 2774 332 2836; x_wconf 81' lang='lat' dir='ltr'>dial.</span> <span class='ocrx_word' id='word_1_221' title='bbox 362 2782 417 2836; x_wconf 84' lang='lat' dir='ltr'>att.</span> <span class='ocrx_word' id='word_1_222' title='bbox 447 2775 475 2855; x_wconf 78' lang='lat'>§-</span> <span class='ocrx_word' id='word_1_223' title='bbox 502 2774 533 2836; x_wconf 93' lang='grc'>1.</span> <span class='ocrx_word' id='word_1_224' title='bbox 563 2776 669 2862; x_wconf 86' lang='grc' dir='ltr'><strong><em>λήρου</em></strong></span> <span class='ocrx_word' id='word_1_225' title='bbox 691 2782 829 2866; x_wconf 78' lang='grc' dir='ltr'><strong><em>ληρεῖν,</em></strong></span> <span class='ocrx_word' id='word_1_226' title='bbox 857 2780 991 2869; x_wconf 87' lang='grc' dir='ltr'><strong><em>μανιάν</em></strong></span> <span class='ocrx_word' id='word_1_227' title='bbox 1018 2778 1220 2866; x_wconf 79' lang='grc' dir='ltr'><strong><em>μαίνεσθαι,</em></strong></span> 
     </span>
     <span class='ocr_line' id='line_1_27' title="bbox 117 2871 1222 2969; baseline 0.001 -26"><span class='ocrx_word' id='word_1_228' title='bbox 117 2872 218 2964; x_wconf 82' lang='grc' dir='ltr'><strong><em>ὕβριν</em></strong></span> <span class='ocrx_word' id='word_1_229' title='bbox 241 2871 400 2963; x_wconf 80' lang='grc' dir='ltr'><strong><em>είβρίζειν,</em></strong></span> <span class='ocrx_word' id='word_1_230' title='bbox 423 2873 537 2963; x_wconf 87' lang='grc' dir='ltr'><strong><em>φυγήν</em></strong></span> <span class='ocrx_word' id='word_1_231' title='bbox 551 2873 689 2966; x_wconf 85' lang='grc' dir='ltr'><strong><em>φειίγειν</em></strong></span> <span class='ocrx_word' id='word_1_232' title='bbox 704 2885 829 2967; x_wconf 82' lang='lat' dir='ltr'>profert,</span> <span class='ocrx_word' id='word_1_233' title='bbox 852 2895 1034 2969; x_wconf 86' lang='lat' dir='ltr'>postremum</span> <span class='ocrx_word' id='word_1_234' title='bbox 1051 2882 1222 2966; x_wconf 80' lang='lat' dir='ltr'>exemplum</span> 
     </span>
     <span class='ocr_line' id='line_1_28' title="bbox 119 2978 1223 3069; baseline 0.005 -28"><span class='ocrx_word' id='word_1_235' title='bbox 119 2998 180 3041; x_wconf 93' lang='lat' dir='ltr'>non</span> <span class='ocrx_word' id='word_1_236' title='bbox 201 2997 220 3040; x_wconf 87' lang='lat' dir='ltr'>o</span> <span class='ocrx_word' id='word_1_237' title='bbox 241 2978 394 3042; x_wconf 87' lang='lat' dir='ltr'>veteribus</span> <span class='ocrx_word' id='word_1_238' title='bbox 416 2981 572 3059; x_wconf 90' lang='lat' dir='ltr'>sumsisse,</span> <span class='ocrx_word' id='word_1_239' title='bbox 596 2985 649 3047; x_wconf 89' lang='lat' dir='ltr'>sed</span> <span class='ocrx_word' id='word_1_240' title='bbox 674 2987 822 3069; x_wconf 84' lang='lat' dir='ltr'>prioribus</span> <span class='ocrx_word' id='word_1_241' title='bbox 844 3006 946 3069; x_wconf 81' lang='lat' dir='ltr'>porum</span> <span class='ocrx_word' id='word_1_242' title='bbox 968 2985 1118 3057; x_wconf 77' lang='lat' dir='ltr'>subtiliter</span> <span class='ocrx_word' id='word_1_243' title='bbox 1135 2982 1223 3047; x_wconf 82' lang='lat' dir='ltr'>effin-</span> 
     </span>
     <span class='ocr_line' id='line_1_29' title="bbox 119 3079 1221 3170; baseline 0.005 -27"><span class='ocrx_word' id='word_1_244' title='bbox 119 3080 203 3145; x_wconf 82' lang='lat' dir='ltr'>xisse</span> <span class='ocrx_word' id='word_1_245' title='bbox 225 3079 354 3143; x_wconf 83' lang='lat' dir='ltr'>videtur.</span> <span class='ocrx_word' id='word_1_246' title='bbox 399 3080 457 3145; x_wconf 89' lang='lat' dir='ltr'>Sed</span> <span class='ocrx_word' id='word_1_247' title='bbox 478 3081 556 3148; x_wconf 91' lang='lat' dir='ltr'>hunc</span> <span class='ocrx_word' id='word_1_248' title='bbox 578 3086 775 3170; x_wconf 87' lang='lat' dir='ltr'>subsequutus</span> <span class='ocrx_word' id='word_1_249' title='bbox 797 3086 899 3149; x_wconf 86' lang='lat' dir='ltr'>Astius</span> <span class='ocrx_word' id='word_1_250' title='bbox 927 3086 964 3149; x_wconf 83' lang='lat' dir='ltr'>sd</span> <span class='ocrx_word' id='word_1_251' title='bbox 987 3084 1063 3149; x_wconf 86' lang='lat' dir='ltr'>Plst.</span> <span class='ocrx_word' id='word_1_252' title='bbox 1087 3086 1124 3149; x_wconf 90' lang='lat' dir='ltr'>de</span> <span class='ocrx_word' id='word_1_253' title='bbox 1145 3085 1221 3170; x_wconf 84' lang='lat' dir='ltr'>Rep.</span> 
     </span>
     <span class='ocr_line' id='line_1_30' title="bbox 122 3178 1222 3276; baseline 0.009 -33"><span class='ocrx_word' id='word_1_254' title='bbox 122 3204 152 3265; x_wconf 91' lang='lat' dir='ltr'>p.</span> <span class='ocrx_word' id='word_1_255' title='bbox 176 3178 251 3244; x_wconf 81' lang='lat'><strong>316.</strong></span> <span class='ocrx_word' id='word_1_256' title='bbox 276 3180 424 3270; x_wconf 87' lang='grc' dir='ltr'><strong><em>πομπήν</em></strong></span> <span class='ocrx_word' id='word_1_257' title='bbox 444 3184 606 3271; x_wconf 74' lang='grc' dir='ltr'><strong><em>πέμπειν,</em></strong></span> <span class='ocrx_word' id='word_1_258' title='bbox 630 3185 729 3273; x_wconf 77' lang='grc' dir='ltr'><strong><em>ὕβριν</em></strong></span> <span class='ocrx_word' id='word_1_259' title='bbox 753 3184 912 3276; x_wconf 74' lang='grc' dir='ltr'><strong><em>ὑβρίζειν,</em></strong></span> <span class='ocrx_word' id='word_1_260' title='bbox 935 3181 1049 3274; x_wconf 88' lang='grc' dir='ltr'><strong><em>φυγήν</em></strong></span> <span class='ocrx_word' id='word_1_261' title='bbox 1072 3183 1222 3275; x_wconf 77' lang='grc' dir='ltr'><strong><em>φεύγειν,</em></strong></span> 
     </span>
     <span class='ocr_line' id='line_1_31' title="bbox 120 3282 1224 3373; baseline 0.006 -28"><span class='ocrx_word' id='word_1_262' title='bbox 120 3284 152 3346; x_wconf 92' lang='lat' dir='ltr'>in</span> <span class='ocrx_word' id='word_1_263' title='bbox 167 3282 334 3347; x_wconf 87' lang='lat' dir='ltr'>Atticorum</span> <span class='ocrx_word' id='word_1_264' title='bbox 347 3290 520 3373; x_wconf 78' lang='lat' dir='ltr'>praecipue</span> <span class='ocrx_word' id='word_1_265' title='bbox 532 3289 616 3352; x_wconf 88' lang='lat' dir='ltr'>libris</span> <span class='ocrx_word' id='word_1_266' title='bbox 630 3292 810 3355; x_wconf 86' lang='lat' dir='ltr'>creberrimo</span> <span class='ocrx_word' id='word_1_267' title='bbox 825 3312 892 3355; x_wconf 90' lang='lat' dir='ltr'>esse</span> <span class='ocrx_word' id='word_1_268' title='bbox 907 3291 1036 3366; x_wconf 75' lang='lat' dir='ltr'>statuit3</span> <span class='ocrx_word' id='word_1_269' title='bbox 1059 3291 1224 3372; x_wconf 85' lang='lat' dir='ltr'>eodemque</span> 
     </span>
     <span class='ocr_line' id='line_1_32' title="bbox 121 3389 1225 3476; baseline 0.004 -28"><span class='ocrx_word' id='word_1_270' title='bbox 121 3396 244 3449; x_wconf 86' lang='lat' dir='ltr'>auctore</span> <span class='ocrx_word' id='word_1_271' title='bbox 266 3406 339 3450; x_wconf 89' lang='lat' dir='ltr'>usus</span> <span class='ocrx_word' id='word_1_272' title='bbox 361 3389 572 3455; x_wconf 84' lang='lat' dir='ltr'>Boissonedius</span> <span class='ocrx_word' id='word_1_273' title='bbox 593 3393 630 3455; x_wconf 78' lang='lat' dir='ltr'>sd</span> <span class='ocrx_word' id='word_1_274' title='bbox 652 3393 730 3456; x_wconf 86' lang='lat' dir='ltr'>Eun.</span> <span class='ocrx_word' id='word_1_275' title='bbox 753 3413 783 3476; x_wconf 89' lang='lat' dir='ltr'>p.</span> <span class='ocrx_word' id='word_1_276' title='bbox 798 3393 873 3457; x_wconf 89' lang='grc'><strong>331.</strong></span> <span class='ocrx_word' id='word_1_277' title='bbox 892 3414 959 3456; x_wconf 89' lang='lat' dir='ltr'>eum</span> <span class='ocrx_word' id='word_1_278' title='bbox 974 3391 1101 3475; x_wconf 87' lang='lat' dir='ltr'>Euuspii</span> <span class='ocrx_word' id='word_1_279' title='bbox 1121 3391 1225 3465; x_wconf 83' lang='lat' dir='ltr'>verbis</span> 
     </span>
     <span class='ocr_line' id='line_1_33' title="bbox 121 3478 1226 3579; baseline 0.001 -25"><span class='ocrx_word' id='word_1_280' title='bbox 121 3478 321 3574; x_wconf 77' lang='grc' dir='ltr'><strong><em>ἐγεγαμήκει</em></strong></span> <span class='ocrx_word' id='word_1_281' title='bbox 333 3483 448 3579; x_wconf 81' lang='grc' dir='ltr'><strong><em>γόμον</em></strong></span> <span class='ocrx_word' id='word_1_282' title='bbox 464 3493 639 3579; x_wconf 79' lang='grc' dir='ltr'><strong><em>τυραννίδι</em></strong></span> <span class='ocrx_word' id='word_1_283' title='bbox 660 3494 846 3579; x_wconf 77' lang='grc' dir='ltr'><strong><em>πρέποντα,</em></strong></span> <span class='ocrx_word' id='word_1_284' title='bbox 878 3495 953 3559; x_wconf 86' lang='lat' dir='ltr'>nibil</span> <span class='ocrx_word' id='word_1_285' title='bbox 974 3495 1128 3557; x_wconf 80' lang='lat' dir='ltr'>haesitans</span> <span class='ocrx_word' id='word_1_286' title='bbox 1153 3510 1226 3556; x_wconf 88' lang='lat' dir='ltr'>con·</span> 
     </span>
     <span class='ocr_line' id='line_1_34' title="bbox 122 3589 1225 3683; baseline 0.005 -31"><span class='ocrx_word' id='word_1_287' title='bbox 122 3589 182 3653; x_wconf 86' lang='lat' dir='ltr'>fert</span> <span class='ocrx_word' id='word_1_288' title='bbox 202 3589 306 3678; x_wconf 79' lang='grc' dir='ltr'><strong><em>λήρον</em></strong></span> <span class='ocrx_word' id='word_1_289' title='bbox 328 3593 442 3678; x_wconf 79' lang='grc' dir='ltr'><strong><em>ληρεῖν</em></strong></span> <span class='ocrx_word' id='word_1_290' title='bbox 470 3606 500 3658; x_wconf 91' lang='lat' dir='ltr'>et</span> <span class='ocrx_word' id='word_1_291' title='bbox 534 3600 643 3683; x_wconf 79' lang='grc' dir='ltr'><strong><em>ἔρωτα</em></strong></span> <span class='ocrx_word' id='word_1_292' title='bbox 667 3597 769 3682; x_wconf 63' lang='lat' dir='ltr'>decio,</span> <span class='ocrx_word' id='word_1_293' title='bbox 800 3619 925 3681; x_wconf 89' lang='lat' dir='ltr'>quorum</span> <span class='ocrx_word' id='word_1_294' title='bbox 953 3597 1036 3682; x_wconf 93' lang='lat' dir='ltr'>prius</span> <span class='ocrx_word' id='word_1_295' title='bbox 1064 3594 1225 3670; x_wconf 87' lang='lat' dir='ltr'>dissimile,</span> 
     </span>
     <span class='ocr_line' id='line_1_35' title="bbox 121 3695 1229 3783; baseline 0.005 -27"><span class='ocrx_word' id='word_1_296' title='bbox 121 3703 314 3775; x_wconf 86' lang='lat' dir='ltr'>postremum,</span> <span class='ocrx_word' id='word_1_297' title='bbox 340 3704 423 3778; x_wconf 90' lang='lat' dir='ltr'>putu,</span> <span class='ocrx_word' id='word_1_298' title='bbox 447 3700 683 3762; x_wconf 88' lang='lat' dir='ltr'>commenticium</span> <span class='ocrx_word' id='word_1_299' title='bbox 705 3710 752 3763; x_wconf 87' lang='lat' dir='ltr'>est</span> <span class='ocrx_word' id='word_1_300' title='bbox 772 3700 895 3783; x_wconf 82' lang='lat' dir='ltr'>perinde</span> <span class='ocrx_word' id='word_1_301' title='bbox 917 3711 950 3763; x_wconf 92' lang='lat' dir='ltr'>ut</span> <span class='ocrx_word' id='word_1_302' title='bbox 971 3696 1130 3764; x_wconf 85' lang='grc' dir='ltr'><strong><em>δουλείαν</em></strong></span> <span class='ocrx_word' id='word_1_303' title='bbox 1146 3695 1229 3763; x_wconf 81' lang='lat' dir='ltr'>dou·</span> 
     </span>
     <span class='ocr_line' id='line_1_36' title="bbox 121 3788 1224 3887; baseline 0.003 -28"><span class='ocrx_word' id='word_1_304' title='bbox 121 3788 231 3862; x_wconf 88' lang='grc' dir='ltr'><strong><em>λεόειν</em></strong></span> <span class='ocrx_word' id='word_1_305' title='bbox 249 3806 280 3859; x_wconf 84' lang='lat' dir='ltr'>ot</span> <span class='ocrx_word' id='word_1_306' title='bbox 300 3792 454 3882; x_wconf 87' lang='grc' dir='ltr'><strong><em>πόλεμον</em></strong></span> <span class='ocrx_word' id='word_1_307' title='bbox 481 3801 660 3887; x_wconf 86' lang='grc' dir='ltr'><strong><em>πολεμεῖν,-</em></strong></span> <span class='ocrx_word' id='word_1_308' title='bbox 679 3822 755 3883; x_wconf 81' lang='lat' dir='ltr'>quae</span> <span class='ocrx_word' id='word_1_309' title='bbox 777 3801 935 3866; x_wconf 89' lang='lat' dir='ltr'>Weiskius</span> <span class='ocrx_word' id='word_1_310' title='bbox 949 3802 984 3863; x_wconf 92' lang='lat' dir='ltr'>de</span> <span class='ocrx_word' id='word_1_311' title='bbox 1000 3798 1106 3864; x_wconf 87' lang='lat' dir='ltr'>Pleon.</span> <span class='ocrx_word' id='word_1_312' title='bbox 1123 3820 1155 3883; x_wconf 89' lang='lat' dir='ltr'>p.</span> <span class='ocrx_word' id='word_1_313' title='bbox 1168 3799 1224 3865; x_wconf 76' lang='lat'>22.</span> 
     </span>
     <span class='ocr_line' id='line_1_37' title="bbox 123 3897 1230 3989; baseline 0.006 -31"><span class='ocrx_word' id='word_1_314' title='bbox 123 3898 225 3961; x_wconf 88' lang='lat' dir='ltr'>nescio</span> <span class='ocrx_word' id='word_1_315' title='bbox 247 3897 296 3961; x_wconf 87' lang='lat' dir='ltr'>cui</span> <span class='ocrx_word' id='word_1_316' title='bbox 317 3900 458 3977; x_wconf 79' lang='lat' dir='ltr'>adscribit</span> <span class='ocrx_word' id='word_1_317' title='bbox 481 3902 661 3987; x_wconf 76' lang='lat' dir='ltr'>simplicitati</span> <span class='ocrx_word' id='word_1_318' title='bbox 679 3903 820 3987; x_wconf 71' lang='lat' dir='ltr'>antiquae</span> <span class='ocrx_word' id='word_1_319' title='bbox 842 3903 969 3978; x_wconf 80' lang='lat' dir='ltr'>aetatis,</span> <span class='ocrx_word' id='word_1_320' title='bbox 1000 3922 1063 3989; x_wconf 81' lang='lat' dir='ltr'>que</span> <span class='ocrx_word' id='word_1_321' title='bbox 1084 3902 1230 3965; x_wconf 77' lang='lat' dir='ltr'>homiues</span> 
     </span>
     <span class='ocr_line' id='line_1_38' title="bbox 121 4000 1229 4077; baseline 0.004 -15"><span class='ocrx_word' id='word_1_322' title='bbox 121 4015 178 4056; x_wconf 77' lang='lat' dir='ltr'>nec</span> <span class='ocrx_word' id='word_1_323' title='bbox 210 4000 340 4065; x_wconf 78' lang='grc' dir='ltr'><strong><em>συνίόκε</em></strong></span> <span class='ocrx_word' id='word_1_324' title='bbox 364 4022 421 4066; x_wconf 85' lang='lat' dir='ltr'>nec</span> <span class='ocrx_word' id='word_1_325' title='bbox 448 4015 549 4068; x_wconf 79' lang='lat' dir='ltr'>ruente</span> <span class='ocrx_word' id='word_1_326' title='bbox 576 4007 657 4069; x_wconf 81' lang='lat' dir='ltr'>sctis</span> <span class='ocrx_word' id='word_1_327' title='bbox 684 4017 775 4071; x_wconf 79' lang='lat' dir='ltr'>ceute</span> <span class='ocrx_word' id='word_1_328' title='bbox 803 4006 990 4077; x_wconf 78' lang='lat' dir='ltr'>sentiebant.</span> <span class='ocrx_word' id='word_1_329' title='bbox 1046 4006 1086 4069; x_wconf 75' lang='lat' dir='ltr'>tte</span> <span class='ocrx_word' id='word_1_330' title='bbox 1107 4005 1146 4071; x_wconf 82' lang='lat' dir='ltr'>sb</span> <span class='ocrx_word' id='word_1_331' title='bbox 1168 4004 1229 4067; x_wconf 90' lang='lat' dir='ltr'>boc</span> 
     </span>
    </p>
   </div>
   <div class='ocr_carea' id='block_1_4' title="bbox 0 0 1275 4492">
    <p class='ocr_par' dir='ltr' id='par_1_4' title="bbox 0 0 1275 4492">
     <span class='ocr_line' id='line_1_39' title="bbox 0 0 1275 4492; baseline 0 0"><span class='ocrx_word' id='word_1_332' title='bbox 0 0 1275 4492; x_wconf 95' lang='lat' dir='ltr'> </span> 
     </span>
    </p>
   </div>
  </div>
 </body>
</html>
