2534 4492
265 104 911 191 DENOMIN.1NTuTa'F01tttAT.
941 126 970 210 q.
997 125 1048 192 ιο.
1128 132 1195 199 ιιι

91 301 154 383 quio
173 301 268 364 ab”
233 323 330 386 stopo
353 307 461 383 ἕρκος,
484 299 521 362 ab
544 294 680 385 οἷμέλγοι
704 299 811 384 ptrue
839 315 870 368 et
893 306 1012 370 mulceo
1031 308 1193 376 ducuntur.

89 402 210 487 Propius
232 413 331 466 tamen
354 401 391 465 ad
412 401 558 465 librorum
581 403 759 486 scripturam
786 407 899 470 accedit
925 408 1082 488 θέλιτιιι,
1104 414 1195 504 quod

86 517 117 568 et
139 518 234 571 metro
262 506 359 590 aptius
389 524 475 588 quam
497 495 643 577 θελκτύς
672 515 722 580 ct,
759 503 784 569 si
816 506 979 591 analogiam
1009 515 1193 596 quaerImmt,

85 619 168 672 certe
191 630 252 672 non
274 608 374 678 minus
396 605 536 688 praesidii
561 605 677 679 babet.
706 607 827 671 Etenim
851 609 1000 674 nominum
1024 614 1194 700 hujusmodi

80 711 162 773 idem
184 722 270 774 ortus
293 726 361 779 csse
383 707 462 770 solet
483 718 571 790 atque
594 729 697 773 eornm
719 710 848 794 quaein
870 735 924 795 μοι
945 724 975 774 ct
991 739 1050 799 της
1063 729 1193 783 exeunt

79 811 218 876 Primum
240 834 259 874 a
280 810 381 874 verbis
404 810 487 892 puris
509 810 652 894 primitivi
673 813 818 896 generis,
843 808 944 900 φάτις
972 825 1003 875 οι
1024 812 1114 902 goleto
1135 819 1194 883 He·

76 915 174 998 sych.
197 935 273 997 qnae
295 934 335 976 ex
356 914 419 997 ipso
441 912 570 976 themate
594 935 738 998 expressa
760 925 850 992 sunt,
874 916 953 981 siout
975 912 1064 1000 δόμοι
1084 932 1116 982 et
1136 918 1195 987 dd-

73 1041 157 1102 της.
205 1017 358 1099 Plerisque
373 1026 471 1079 autem
486 1016 641 1099 productio
656 1017 823 1095 adhibetur,
848 1038 935 1101 quam
951 1029 1074 1081 veteres
1089 1019 1195 1089 Graeci

77 1117 256 1191 nominibus
277 1118 309 1190 in
329 1102 385 1203 ιἰ-οἷ
403 1119 584 1182 exeuntibus
607 1120 809 1189 necessariam
832 1140 901 1182 esse
917 1121 1113 1204 judicarunt,
1144 1143 1196 1185 oe·

82 1243 141 1306 quc
164 1220 426 1285 inconvenientem
448 1221 500 1296 im,
524 1242 600 1305 quae
622 1222 757 1285 ultimam
779 1222 898 1307 longam
916 1221 1038 1297 habent.
1085 1223 1129 1285 Ea
1144 1244 1199 1287 au·

81 1335 144 1389 tem
167 1323 199 1386 in
223 1325 358 1387 omnibus
381 1325 485 1400 cadem
507 1334 573 1398 est3
611 1345 679 1386 nam
709 1333 762 1387 ant
790 1324 892 1387 brevis
921 1323 1035 1397 vocalis
1064 1335 1198 1389 mutatur

78 1427 117 1491 io
137 1427 256 1510 longam
278 1436 331 1488 aot
351 1425 555 1508 interponitur
577 1425 672 1509 sigma
694 1437 746 1488 aut
767 1426 801 1487 fit
822 1436 992 1510 utrumque.
1039 1426 1141 1510 Itaque
1163 1437 1198 1489 ut

82 1525 222 1616 apicio,
253 1529 371 1615 βῆμα,
401 1518 583 1613 διαβήτης,
613 1527 658 1590 sic
687 1525 872 1591 asimilibus
902 1528 1151 1615 principiisque
1174 1527 1197 1614 ἦ

29 1682 40 1691 .
80 1629 170 1719 βολή
191 1631 321 1715 Hesyeh.
345 1631 470 1715 μῆτις,
496 1630 610 1718 priore,
638 1620 827 1715 ὑπόφητις,
858 1633 936 1694 uude
959 1632 1091 1694 doricum
1112 1629 1197 1698 tioro-

88 1731 202 1822 polorcr
227 1734 314 1796 Pind.
340 1733 428 1818 Pytb.
455 1731 493 1793 II.
520 1729 594 1796 140.
626 1733 702 1815 quod
727 1731 914 1812 Bocck’oius,
949 1733 1017 1814 quia
1039 1752 1196 1798 commune

84 1830 186 1925 φάτις
209 1838 339 1919 priorem
361 1836 484 1901 brevem
508 1832 608 1912 babet,
631 1835 664 1897 in
682 1829 895 1918 cnapadene
913 1833 1053 1909 mutavit,
1076 1827 1196 1919 ἄμπω-

78 1967 144 2015 τις,
170 1938 267 2012 doctr
285 1937 317 2000 in
347 1936 443 2000 Inscr.
469 1936 613 2021 Delphica
639 1936 678 2007 N.
706 1933 800 2012 1088.
824 1958 856 2001 v.
880 1934 934 2003 26.
966 1956 1007 1998 cx
1029 1937 1196 2021 apographo

85 2042 216 2118 Claraoi,
240 2045 379 2117 ἕιιοοτις
397 2037 421 2123 ἦ
438 2032 540 2107 odolo
561 2038 654 2127 παροὶ
668 2036 828 2117 Ῥοδίοις,
852 2039 928 2122 quod
949 2060 1004 2122 pro
1027 2039 1129 2102 dorico
1146 2039 1197 2105 ba·

77 2145 151 2211 beri
173 2153 272 2226 potest
292 2153 326 2204 ut
347 2141 523 2227 yeloduolo
554 2144 593 2219 ol.
619 2142 715 2205 Iiocn.
739 2145 776 2205 ad
799 2142 891 2225 Grcg.
915 2164 946 2226 p.
969 2137 1045 2206 231.
1087 2142 1131 2205 Ad
1154 2144 1197 2207 al·

76 2257 185 2308 terum
207 2240 407 2327 productionis
436 2243 554 2307 modnm
576 2243 677 2312 refero
699 2243 927 2325 Hippocrateum
951 2246 1072 2316 ἕξεσιις
1100 2246 1197 2311 idest

80 2337 190 2434 ἐξοχή,
211 2346 247 2408 ab
270 2344 372 2406 eodem
381 2393 393 2423 ,
425 2355 459 2408 ut
481 2345 623 2419 arbitror,
649 2343 844 2420 verboqunde
866 2343 1048 2417 consocior
1063 2394 1065 2401 .
1079 2347 1198 2417 ducitur

80 2449 163 2514 Plat.
195 2447 317 2528 Protag.
351 2468 380 2528 p.
412 2445 487 2510 392.
518 2447 552 2509 Β.
586 2457 618 2508 et
649 2441 859 2527 περιεστικὸν
889 2458 1033 2530 σημεῖον
1055 2447 1195 2531 Hippoor.

81 2549 198 2632 Progn.
222 2568 264 2630 p.·
280 2545 354 2611 103.
378 2558 409 2610 ct
430 2569 458 2631 p.
486 2544 559 2610 100.
590 2546 626 2609 Τ.
651 2544 675 2606 I.
701 2546 750 2608 ubi
771 2556 847 2610 vett.
872 2545 946 2608 Edd.
978 2556 1009 2614 et
1031 2545 1197 2617 Galen-in

87 2651 201 2731 Corum.
227 2646 279 2710 III.
303 2646 379 2712 284.
410 2660 442 2711 et
465 2647 541 2714 207.
573 2649 609 2712 Τ.
633 2646 746 2710 XVIII.
772 2648 806 2712 P.
831 2646 868 2710 II.
900 2648 1000 2732 inepte
1022 2673 1198 2740 περιιοτη·
1248 2704 1259 2727 ‚

86 2747 141 2828 ιιός
163 2751 319 2836 praebent.
366 2751 452 2815 Prius
478 2751 552 2835 apud
574 2751 750 2817 Erotianum
773 2772 804 2836 p.
831 2748 904 2826 154.
939 2753 1068 2829 liquore
1091 2757 1195 2819 scribi·

88 2868 147 2932 tur,
172 2854 248 2938 quod
273 2851 473 2917 Schneiderus
502 2855 635 2937 praefert
656 2863 725 2921 eta
750 2855 844 2931 verbo
865 2848 964 2932 ἐξάξω
986 2856 1112 2938 repetit,
1144 2859 1196 2927 sed

87 2960 143 3027 boe
165 2958 262 3042 ipsum
284 2977 341 3018 nec
362 2955 475 3040 legitur
495 2977 617 3038 usquam
641 2977 738 3040 neque
759 2967 826 3040 apte
849 2966 1115 3038 comparaturcnm
1129 2956 1198 3026 0ιοὶ-

88 3067 199 3148 (opor,
225 3059 302 3144 quod
324 3080 342 3121 a
364 3058 582 3142 praepositione
606 3054 660 3124 dccl
683 3059 803 3129 ductum
826 3069 859 3123 ut
881 3051 1064 3143 dppcdco,
1080 3056 1197 3130 ‹loced-

87 3169 143 3248 ζω,
165 3160 283 3248 proprie
308 3161 456 3245 signifieat
476 3181 647 3245 perscrerc‚
676 3171 738 3233 tum
772 3160 934 3241 subtexere
964 3161 1042 3229 telae
1073 3176 1197 3229 tramam

86 3279 176 3351 atque
204 3265 279 3327 adeo
311 3263 379 3325 licia
396 3264 471 3347 jugo
493 3263 672 3338 adnectere3
704 3263 757 3325 sed
780 3285 935 3346 quamnam
958 3266 1076 3329 tandem
1099 3265 1197 3349 operis

85 3367 214 3434 textorii
245 3377 358 3450 partem
388 3359 512 3444 ἐξόζειν
549 3364 718 3447 significare
757 3367 888 3448 poterit?
945 3367 1048 3453 Neque
1077 3367 1197 3428 demon·

88 3472 181 3548 strari
204 3477 304 3554 potest
334 3468 473 3531 averbis
496 3468 528 3529 in
553 3453 628 3546 offui*
650 3467 841 3542 cadentibus,
870 3490 944 3551 quae
973 3481 1007 3533 nt
1036 3489 1195 3553 paragoge,

86 3571 285 3645 secundariae
308 3579 396 3644 sunt,
419 3580 453 3637 ut
474 3570 517 3649 ita
539 3570 651 3645 dicam,
683 3568 870 3635 formationis
878 3617 889 3647 ,
918 3573 986 3635 duci
1018 3572 1138 3635 nomina
1164 3571 1197 3634 in

88 3661 180 3749 ὦῶ,
218 3673 323 3758 quibus
352 3670 427 3733 nibil
455 3671 521 3734 lere
548 3670 580 3733 in
608 3671 710 3753 liogua
741 3691 847 3753 gracco
879 3673 1052 3737 obsoletius.
1097 3670 1197 3735 Nihilo

88 3777 184 3862 magis
206 3777 297 3861 probo
320 3775 396 3859 qnod
414 3794 474 3856 pro
489 3768 703 3858 περιεστικόν
722 3772 800 3836 idem
822 3771 1046 3861 ποριοιστιιιόιι
1063 3773 1197 3839 scriben-

86 3881 283 3965 dum¹putat3
306 3900 374 3941 nam
387 3877 582 3962 Hippocrates
604 3875 636 3953 in
660 3875 716 3949 boc
737 3876 949 3951 commentario
970 3895 1112 3962 persaepe
1134 3900 1196 3943 me·

86 3992 189 4057 morat
210 3977 253 4061 ool
279 3992 401 4068 σημεῖα
422 3978 492 4048 τῶν
518 3975 781 4064 περιεσομένοις
804 3998 953 4062 nunqnam
975 3974 1019 4045 τοί
1040 3978 1110 4049 τῶν
1135 4006 1196 4050 ιιι-
