2534 4492
108 134 181 210 ,ω
256 132 280 193 ..-
379 83 381 88 ’
428 130 869 209 aursssnrurrovu.

109 312 209 389 minus
237 312 432 404 suspiciosum
463 314 607 407 'ciylallaq
631 308 944 391 ddtccucl'dicaud.
974 321 1026 386 Al.
1054 320 1128 388 171.
1160 334 1218 410 pm

108 415 283 515 dplsuncjc'.
308 418 396 485 ¹Setis
416 440 501 487 vero·
513 421 660 488 obvallata
684 435 755 488 sunt
775 418 903 513 όβρόὶιη
916 420 978 502 uait
1001 425 1035 490 ll.
1054 426 1139 490 XIV.
1157 425 1217 493 78.

109 518 276 619 quss'shhi
293 516 442 610 ’όβροτος
466 523 586 601 dieitur,
610 523 742 613 σταγών
760 520 918 616 όμβρότη
935 527 1084 591 Timothei
1099 526 1217 592 Athen.

109 629 166 695 Xl.
189 626 265 693 465.
291 629 327 690 0.
351 621 514 714 α’μβρότη-
525 626 642 716 χέρσος
662 628 748 693 Pind.
764 629 854 694 llith.
878 631 929 695 Fr.
946 630 997 694 lll.
1020 627 1075 696 26.
1103 629 1144 694 Ν.
1159 629 1217 709 db,

108 722 183 798 576.
208 741 241 794 et
259 731 295 793 ab
317 729 384 794 aliis
412 729 677 814 praepositionibus
707 731 907 816 loquelaribus
928 723 1079 822 α’βληχρή
1109 732 1148 795 ll.
1174 730 1216 798 V.

107 832 183 901 337.
207 826 293 897 Diod.
318 831 369 895 lll.
394 830 447 896 56.
477 832 557 914 (cod.
581 825 725 922 βλήχρη)
755 830 891 922 roardus]
921 834 1012 899 llom.
1036 834 1112 919 quod
1135 834 1217 900 idem

107 933 259 1022 α’ρίζηλος
281 936 371 1012 dicit,
393 944 427 997 ut
448 925 635 1022 χαμαιζήλη
657 935 797 1020 llippoer.
821 934 857 1002 de
879 937 995 1002 Articc.
1019 957 1048 1020 p.
1076 934 1153 1000 156.
1176 936 1215 1001 Τ.

107 1039 159 1103 lll.
183 1039 339 1123 repetitum
369 1030 523 1100 aGaleno
554 1036 590 1099 Τ.
613 1034 725 1100 XVlll.
757 1039 790 1102 P.
815 1038 839 1102 l.
864 1037 939 1104 398.
972 1033 1118 1126 δαφοινή
1153 1038 1219 1125 Op·-

104 1144 185 1230 pian.
213 1142 292 1229 Cyn.
307 1139 357 1204 lll.
371 1136 445 1202 446.
470 1137 589 1218 ζαθέω,
613 1158 671 1222 quo
693 1139 851 1223 Euripides
874 1142 1031 1226 quinquies
1054 1161 1138 1204 more
1159 1141 1216 1205 ho·

105 1247 217 1311 menso
239 1260 311 1307 usus
338 1251 402 1320 est;
433 1234 566 1328 ἠγαθέη
588 1241 659 1305 item
681 1240 889 1319 homericum,
918 1245 995 1327 quud
1018 1243 1216 1309 Grammatici

104 1349 222 1434 quidem
248 1337 338 1431 circu
367 1341 449 1433 θεία
476 1344 725 1428 interpretantur.
769 1345 815 1408 Ad
843 1346 978 1408 ultimum
1006 1347 1137 1410 referam
1159 1366 1211 1424 ca,

105 1470 181 1536 quae
203 1469 244 1511 ex
265 1447 378 1510 duobus
407 1456 546 1510 constant
574 1449 743 1513 nominibus
771 1447 823 1511 vcl
850 1449 982 1533 ejusdem
1011 1448 1132 1533 generis
1160 1450 1215 1512 vel

104 1549 227 1620 diversi.
273 1547 308 1613 In
329 1548 386 1612 hoo
406 1570 508 1614 rarum
530 1561 633 1615 estut
654 1552 873 1617 substantivum
894 1552 1064 1636 praecedat,
1087 1551 1215 1636 adjecti·

103 1674 174 1721 vum
196 1662 359 1736 sequutura
384 1647 536 1739 ποδόργη
558 1666 593 1716 ut
614 1653 751 1717 nonnulli
773 1654 943 1717 scribebant
963 1652 999 1716 ll.
1022 1652 1106 1715 XVl.
1133 1650 1212 1718 156.

102 1752 296 1843 πατροφίλη
315 1753 408 1819 Anth.
432 1754 495 1818 Pal.
520 1752 558 1817 ll.
583 1775 615 1817 n.
639 1754 714 1820 221.
738 1749 915 1842 Ἀριάδνης
935 1753 1055 1829 παιδός
1078 1779 1215 1841 πατρο-

104 1857 203 1948 φίλης
224 1857 380 1942 Theophil.
410 1858 447 1920 ad
469 1856 571 1920 Autol.
601 1854 638 1920 ll.
663 1856 696 1933 7,
719 1855 794 1922 352.
824 1859 1011 1945 frequentior
1039 1859 1211 1922 contrarius

102 1964 187 2036 ordo,
214 1982 300 2044 quem
313 1970 463 2022 testantur
474 1958 626 2022 homerica
642 1955 815 2046 πρωθήβῃ
829 1971 860 2022 et
875 1957 1092 2046 όρθοκραίρη,
1114 1960 1212 2026 λεον-

100 2058 264 2152 captiosus
281 2054 451 2147 βοόβαλιν
471 2057 581 2121 Aesch.
606 2059 658 2121 Fr.
684 2059 829 2123 CCCXV.
851 2059 904 2122 Ν.-
918 2059 992 2125 364.
1015 2061 1159 2141 biddu)
1175 2062 1212 2127 in

101 2178 159 2250 quo
180 2163 369 2227 Hermannus
397 2179 457 2222 non
488 2159 612 2223 offendit
639 2159 749 2244 Opusc.
779 2160 815 2224 Τ.
845 2162 897 2226 lll.
932 2162 985 2227 63.
1015 2158 1213 2250 πολυκρότῃ

100 2267 216 2333 Auser.
240 2264 292 2328 Fr.
317 2262 383 2327 Vll.
408 2263 484 2347 quud
514 2283 581 2326 cum
613 2254 802 2352 οἰνομόχλη
830 2265 1033 2351 similibusque
1064 2286 1215 2348 persona·

52 2400 60 2419 Ι
100 2390 168 2436 rum
183 2356 399 2434 contentarum
421 2364 560 2450 epithetis
582 2364 795 2429 conferendum
822 2367 953 2441 videtur,
975 2363 1133 2452 μεσόδμῃ
1156 2370 1215 2433 ad·

79 2472 280 2560 'jectivorum
304 2471 437 2534 ordinem
460 2488 635 2553 egressum,
668 2469 752 2553 cujus
774 2467 875 2532 nativa
897 2466 992 2531 forma
1011 2459 1214 2555 pcccddoptou

99 2575 196 2641 utitur
218 2574 317 2640 Schol.
341 2573 437 2638 Arist.
461 2572 557 2636 Raun.
583 2569 658 2636 573.
703 2571 841 2636 Alterum
870 2591 965 2656 genus
991 2581 1044 2635 aut
1070 2591 1111 2634 ex
1133 2573 1210 2637 duo·

99 2679 155 2743 bus
177 2675 372 2741 substantivis
394 2684 530 2748 constat,
560 2668 759 2759 βορβορόπη
785 2674 877 2737 scorti
908 2674 1073 2740 convicium
1096 2674 1209 2760 llippo-

99 2789 259 2853 baeteum,
278 2772 494 2865 -χρυσομίρρη
522 2773 636 2836 Dianae
665 2774 816 2857 epitheton
846 2775 969 2861 Oppian.
1001 2776 1080 2862 Cyn.
1104 2775 1142 2839 ll.
1167 2777 1203 2843 2.

96 2871 290 2972 χρυσοκόμη
311 2878 421 2942 herbae
443 2896 552 2938 nomen
579 2875 796 2940 substantivum
819 2875 947 2941 Aristot.
979 2878 1015 2943 de
1038 2879 1136 2943 Plant.
1160 2879 1203 2944 ll.

96 2982 255 3049 7'..l)iosc.
286 2980 363 3065 Eup.
388 2977 412 3041 l.
436 2976 477 3055 2,
499 2976 553 3043 95.
585 2971 783 3065 όνδρολήμη
803 2974 925 3065 α’νδρός
957 2982 1080 3070 ἔχουσα
1104 2981 1201 3068 λῆμα

96 3082 298 3172 llcspch.²⁶).
328 3080 409 3146 -Sed
440 3079 595 3169 θευμέρᾳ
632 3074 692 3149 dcvi
721 3082 805 3146 Pind.
834 3080 924 3147 Nem.
952 3083 1018 3148 Vll.
1053 3083 1125 3152 122.
1157 3106 1201 3150 cx

94 3256 304 3273 μ

165 3358 208 3427 15)
227 3359 255 3410 si
272 3357 329 3424 quis
345 3359 393 3410 hoc
409 3374 444 3410 ss
459 3356 557 3411 duobus
574 3332 761 3419 substantivis,
777 3332 932 3429 uutpoqllq
956 3375 1014 3412 oum
1031 3359 1111 3412 verbo
1131 3376 1200 3415 com-

94 3446 206 3519 positum
224 3446 309 3497 dicere
325 3442 435 3525 mavult,
454 3445 520 3497 nihil
536 3461 576 3496 me
593 3439 736 3512 interpono,
755 3444 801 3495 scd
814 3440 856 3496 hic
868 3438 1078 3511 significationem
1092 3457 1198 3515 sequor.

164 3551 206 3619 lb)
223 3548 336 3617 Excepto
354 3549 410 3610 hoc,
430 3550 497 3618 quod
515 3548 662 3601 addubitat-i
679 3554 779 3616 potest,
799 3548 898 3600 nullum
916 3551 1077 3602 succurrite
1095 3553 1201 3605 nomine·

93 3620 190 3690 ¹t'ertiuu
207 3635 388 3688 declinationis
404 3636 568 3702 compositum
587 3643 691 3703 praeter
707 3634 836 3701 proprium
853 3627 973 3704 Βοόρινα
990 3651 1015 3686 v.
1029 3631 1143 3704 interpp.
1163 3634 1199 3688 ud

93 3720 204 3776 Τὴεοοτ.
222 3721 278 3775 vlt.
299 3721 324 3774 6.
350 3718 421 3772 Bene
439 3722 506 3773 enirn
524 3723 679 3789 scripturam
695 3719 814 3787 praefero
831 3722 952 3786 vulgatae
969 3712 1118 3789 Βοόριννα,
1136 3737 1198 3790 pro·

92 3805 155 3861 bats
171 3810 303 3863 Eustathii
321 3808 475 3878 etymologia
491 3804 618 3876 Boinupos
628 3803 758 3876 ποταμός
769 3803 804 3862 cis
818 3802 854 3860 dv
869 3810 942 3861 εἴποι
960 3823 1001 3861 scs
1017 3806 1196 3879 βουκίφαλος,

92 3891 170 3969 eadsi
186 3905 233 3951 sul
246 3890 319 3969 πηγή
335 3913 376 3950 us
394 3887 470 3962 παρό
488 3895 619 3964 &conpleat
634 3880 771 3959 uodoni,
786 3890 853 3964 βοός
868 3891 923 3963 ῥινὶ
937 3896 1197 3964 παρονομαζσμένη.

93 3974 207 4032 Galenus
224 3978 352 4049 Gloss'p.
370 3977 433 4034 136.
458 3973 601 4048 όντίῥρινα
619 3974 676 4033 πόα
698 3996 756 4043 τις,
771 3972 812 4046 ἣν·
825 3982 871 4032 sul
890 3971 1054 4046 βουκρόνιον
1070 3975 1195 4034 καλοῦσι.

91 4059 269 4120 Diose'oridesa
286 4056 492 4141 όπίρῥινον’-
508 4061 618 4137 καρπόν
633 4065 709 4137 φέρει
732 4061 836 4135 μόόχοό
858 4061 934 4137 distr
958 4057 1065 4134 ὅμοιον.
1101 4064 1194 4120 Simile
