2534 4492
77 177 148 250 tm
309 222 312 228 .
367 220 371 226 .
427 166 831 240 otssnururtovt.

78 355 285 450 ριοισύνσον.
329 354 361 425 Si
383 355 448 441 quis
470 346 544 420 seru
567 357 690 431 ἔξαστις
723 373 785 416 non
817 354 892 419 satis
913 353 1100 438 exploratum
1129 375 1184 439 pu·

78 475 134 540 tut,
157 463 192 527 ad
214 474 335 525 manum
356 469 428 523 sunt
456 458 514 522 alia
540 456 745 542 productionis
773 456 910 541 exempia
931 457 1055 520 minime
1077 456 1182 532 dubia3

78 568 114 632 ab
142 573 266 650 ἕννυμι
295 559 419 632 Γεστίσ
448 558 582 633 ἔνδοσις
605 559 738 646 Hesycb.
772 571 804 623 et
831 560 957 624 latinum
986 561 1100 634 aestus,
1129 578 1187 642 pro

80 690 139 756 qno
161 688 216 732 cur
238 666 346 731 Graeci
367 658 474 751 ἐσθής
494 662 629 758 dixerint
650 672 684 724 ut
706 665 799 730 ἑόθα
814 674 845 727 ct
866 659 985 750 ἑφθός,
1018 682 1108 726 nemo
1132 681 1188 724 01.

78 772 216 847 tricabit3
239 770 324 854 plura
347 789 366 831 a
388 768 490 832 serbis
512 766 546 831 itu
565 788 614 832 υα
633 766 850 843 desinentibus,
876 763 1006 853 φύστις,
1026 759 1187 850 ύμυστις,

78 869 216 961 ύρυστις
237 872 319 936 vasis
341 870 529 948 vocabulum,
555 870 632 952 quod
654 890 715 932 non
739 890 757 933 a
780 871 944 934 masculino
966 859 1115 955 οἷρυστύς
1138 868 1187 930 dc·

78 978 207 1041 ritatum
222 995 304 1050 esse,
329 975 380 1036 sed
394 973 514 1056 proprie
536 969 600 1056 τήν
615 965 738 1056 ύρυσιν
754 973 925 1057 significare
939 973 1071 1047 videtur,
1095 971 1187 1054 vulgo

78 1089 176 1144 autem
198 1098 252 1162 pro
275 1071 433 1161 ύρυστρίς
455 1075 520 1139 sive
542 1069 710 1161 α’ρύταινα
732 1075 825 1151 valet,
856 1075 934 1139 sicum
955 1074 1014 1138 alia
1035 1072 1187 1137 actionum

79 1181 200 1245 nomina
226 1179 452 1242 transferuntur
478 1179 565 1242 modo
593 1180 630 1242 ad
660 1178 757 1241 locum
785 1177 838 1240 ubi
865 1176 985 1261 agitur,
1019 1186 1054 1240 nt
1074 1169 1188 1261 ύροοις

76 1303 131 1370 pro
152 1277 300 1368 ύρουρα,
325 1271 445 1365 ύφεσις
468 1302 523 1366 pro
552 1277 738 1368 οἷφετύριον
761 1281 827 1345 sive
850 1301 1008 1356 carceres,
1041 1281 1188 1367 ἔμβασις

76 1406 130 1471 pro
152 1379 287 1471 ἔμβύτη
308 1382 435 1463 labrum,
461 1381 631 1470 ἐξαίρεσις
645 1377 750 1459 τόπος
779 1387 870 1449 ἔνθα
894 1378 1129 1468 ἐξαιρούμενοι
1142 1377 1185 1448 τοί

78 1485 202 1577 φορτία
228 1479 435 1554 α’ποτίθεντο
464 1486 579 1551 Αοοοιί.
603 1508 633 1573 p.
657 1487 732 1555 252.
760 1483 942 1560 κατάδυσις
970 1507 1024 1571 pro
1048 1476 1187 1571 φαλιύς,

76 1587 258 1662 κατύλυσις
277 1610 333 1673 ροο
354 1585 578 1678 καταγώγιον,
602 1586 761 1676 κύταρσις
785 1612 841 1675 pro
862 1590 949 1666 loco,
978 1588 1029 1654 ubi
1052 1587 1189 1652 escendi-

58 1701 140 1770 ‘tur,
165 1684 337 1780 πρόθυσις
354 1714 408 1779 pro
431 1693 580 1779 crepidine
609 1714 680 1756 arae
702 1692 899 1776 similiterque
927 1693 960 1755 in
982 1712 1123 1756 sermone
1146 1688 1189 1754 la-

77 1794 154 1871 tino,
179 1795 362 1872 untbulatio,
387 1799 550 1871 coenatio,
571 1797 731 1881 gestatio,
760 1794 897 1872 lauatio,
921 1797 1019 1860 statio
1042 1795 1082 1857 ci.
1105 1794 1185 1858 uun.

77 1897 127 1981 Aj.
151 1918 183 1960 v.
209 1894 304 1962 1090.
329 1901 415 1961 modo
437 1900 474 1962 ad
494 1900 694 1962 instrumenta
715 1897 835 1982 agendi,
860 1899 938 1961 sicum
958 1894 1058 1984 βάσις
1086 1907 1115 1961 ct
1129 1898 1188 1983 ἒμ-

76 1999 177 2084 βασις
196 2018 285 2081 saepe
305 2000 396 2082 pedes
418 1999 579 2082 significat,
603 1993 697 2079 ὄψεις
718 2009 750 2062 ct
771 1992 903 2082 ύρύσεις
926 2001 1048 2079 oculos,
1073 1997 1187 2089 ἐπίχυ·

78 2122 129 2172 οις
152 2110 183 2162 et
203 2091 364 2186 πρόχυσις
386 2110 522 2182 guttum,
546 2095 734 2172 κατάποσις
755 2098 858 2163 fauces
882 2109 940 2164 etc.
964 2101 1068 2167 Tertio
1092 2104 1187 2191 sigma

77 2199 176 2266 vocali
200 2201 263 2286 jam
292 2202 453 2284 productae
485 2201 713 2285 superadditur,
747 2201 912 2288 μνῆστις,
948 2206 1026 2288 quod
1052 2202 1189 2290 legitimo
1215 2232 1235 2263 ι

77 2303 204 2390 μνύσις
224 2303 267 2367 ita
294 2304 463 2388 praevaluit
489 2312 524 2367 ut
545 2324 692 2389 perpauca
714 2305 803 2391 hujus
824 2306 1014 2389 reperiantur
1035 2310 1235 2391 exempta,-

76 2406 215 2494 κνῆστις
236 2429 291 2492 pro
313 2397 463 2493 κνησμός
494 2427 527 2470 v.
551 2406 637 2470 Eust.
669 2427 698 2491 p.
723 2402 799 2486 871,
823 2403 886 2470 ut·
906 2405 1089 2470 homericum
1116 2403 1235 2476 κατ’“Ι

77 2503 260 2598 ἄντηστιν,
295 2509 371 2596 quod
393 2509 556 2594 antiquitus
586 2508 705 2594 hyphen
725 2507 868 2573 scribitur
891 2531 922 2573 v.
947 2509 1049 2594 Etym.
1077 2522 1110 2573 et
1132 2512 1221 2578 tta.

78 2615 164 2700 sych.
186 2626 217 2678 et
237 2635 291 2697 pro
315 2611 400 2679 κατοί
430 2605 623 2698 πρότμησιν
648 2610 685 2675 ll.
708 2610 754 2682 A·
778 2609 853 2677 424.
881 2611 981 2675 Schoi.
1004 2610 1084 2676 Vict.
1111 2615 1188 2679 indi·

79 2727 127 2779 cut
151 2717 182 2776 in
205 2714 363 2776 nonnuliis
377 2713 462 2774 libris
486 2706 700 2798 πρότμηστιν
723 2712 782 2796 legi
806 2724 841 2776 ut
863 2734 911 2798 ap.
940 2712 1123 2799 Hesychium
1144 2717 1186 2780 le·

79 2817 175 2902 gitur3
201 2834 297 2898 neque
319 2812 449 2896 suspicio
471 2815 555 2876 abest
576 2813 648 2897 quin
672 2810 810 2900 γρύστις
832 2815 897 2878 sive
926 2808 1043 2903 κρύτις
1068 2831 1100 2883 et
1118 2811 1188 2905 μα’-

79 2941 150 2991 στις
173 2917 291 3002 proprie
316 2915 482 2990 actionem,
505 2925 539 2978 ut
559 2915 659 2999 priora
684 2915 748 2992 itta,
780 2918 1018 3002 significaverint
1041 2919 1191 3009 (κρύστις

78 3017 101 3108 ἦ
122 3015 338 3110 χλυροφαγίοι
361 3016 404 3091 ύς
429 3014 541 3091 πίστις
564 3018 678 3082 Anecd.
704 3019 804 3084 Cram.
819 3019 856 3083 ίί.
880 3021 956 3100 232,
982 3022 1052 3110 12.)
1072 3036 1191 3110 possm.

79 3146 129 3187 mo
149 3114 362 3212 βούβρωστις
384 3129 414 3184 ct
436 3117 666 3209 ύμφίκαυστις
679 3121 709 3186 id
727 3135 773 3188 est
793 3120 948 3212 ἠπρύτη
966 3129 1104 3215 ἔκφυσις
1117 3130 1189 3197 τῶν

79 3224 211 3314 πυρῶν,
235 3225 311 3309 quod
334 3235 365 3290 et
394 3218 602 3313 οἲμφίκαυτις
623 3225 775 3291 scribitur.
821 3227 874 3291 His
905 3227 1001 3312 igitur
1028 3231 1124 3317 sigma
1148 3227 1211 3299 ex¹

80 3328 241 3394 abundanti
261 3327 408 3428 insertum
437 3338 484 3393 cst
512 3338 547 3393 ut
567 3329 600 3394 in
621 3328 715 3416 priori
736 3349 848 3415 genere
870 3325 1127 3424 οἲντιμαχηστύς
1140 3338 1189 3430 ⁶⁵)

81 3487 291 3501 m

149 3549 192 3616 05)
210 3550 382 3602 Blomfleldius
399 3553 431 3603 ad
448 3551 549 3604 Gallim.
569 3550 600 3603 tt.
619 3551 646 3602 in
662 3548 738 3602 Diam
756 3552 797 3605 94.
816 3552 995 3607 Antimachum
1014 3550 1094 3610 πόλις
1111 3553 1192 3613 αἷστι-

79 3625 212 3704 μαχιστύι
234 3639 368 3704 scripsisse
385 3646 475 3706 putat,
495 3639 569 3705 quasi
586 3638 733 3704 hujusmodi
753 3638 882 3704 adjectiva
901 3642 1016 3707 legisset.
1054 3640 1083 3693 ln
1102 3645 1190 3696 bome-

79 3723 133 3775 rico
148 3723 204 3775 loco
224 3717 348 3792 ὀαριστύς
358 3718 499 3795 πάρφασις
515 3732 618 3777 veteres
635 3741 684 3776 nou
698 3727 772 3792 prius
788 3743 877 3780 nomen
894 3729 940 3780 sed
959 3727 1090 3794 posterius
1116 3731 1190 3798 edja-

82 3810 146 3862 ctivi
159 3810 242 3862 bocum
254 3810 370 3863 obtinere
391 3818 559 3875 statuerunt,
576 3813 604 3863 in
614 3811 731 3881 Apellen.
742 3812 785 3868 tv.
799 3814 860 3872 279.
878 3811 996 3884 γραπτῦς
1018 3815 1103 3882 (codd.
1119 3837 1190 3890 γρα-

81 3887 151 3950 πτύι
163 3912 190 3950 v.
206 3897 291 3949 Scbol.
304 3897 335 3949 tt.
355 3900 392 3951 Π.
406 3896 480 3964 390.)
501 3898 630 3967 πατέρων
656 3901 721 3956 ἕθεν
740 3895 879 3969 εἰρύονται
890 3890 1014 3971 κύρβιας,
1032 3921 1102 3957 nnuc
1122 3905 1194 3979 ypsi-

81 3978 166 4035 πτούι
181 3985 295 4048 editum,
313 3983 377 4034 illud
389 3982 461 4046 mibi,
481 3991 512 4036 ut
531 3987 703 4056 exquisitius,
722 3989 903 4050 retinendum,
921 3978 1034 4063 κύρβιας
1050 4007 1098 4061 per
1112 4008 1190 4062 appo·

82 4064 200 4120 sitieram
217 4071 346 4139 adjectum
358 4068 471 4123 videtur.
972 4064 974 4069 ’
