2534 4492
19 40 32 183 l
181 106 551 177 uuuoutuuutuct.
567 100 1015 175 transcurrentium.
1032 108 1106 193 §.d
1146 111 1219 179 549

28 270 36 281 ’
114 286 232 377 μοτός,
253 286 381 380 χόρτος,
399 282 564 376 πρωκτός,
581 277 736 373 pletrude,
754 279 905 374 dyoooo'e,
924 284 1069 376 μαὀτος,
1089 288 1216 367 οἶκτος,

10 447 19 460 .
116 393 175 457 uisi
201 394 258 456 hoc
282 394 318 457 ab
347 393 442 471 οἴζω,
472 391 653 455 antecedens
679 384 817 473 apoto,
845 393 922 456 unde
936 393 994 478 μᾶ
1019 403 1051 456 et
1070 384 1216 480 μοι’μμη,

10 548 22 561 .
110 492 256 580 'repetere
281 495 397 579 placet;
433 504 487 557 aut
512 515 531 556 a
552 493 644 559 verbo
673 491 791 575 quidem
818 493 961 575 originem
987 497 1041 559 sed
1067 497 1216 561 diverse·

10 636 44 676 ;..
115 598 264 682 adjectivo
295 596 546 682 'significationem
579 595 686 659 habeut
722 604 757 656 nt
788 605 920 670 κοῖτος,
953 597 1043 672 οἶτος
1051 646 1061 676 ,
1097 613 1217 686 popm

10 743 49 787 ,.,
116 699 290 785 (utrumque
319 702 355 762 ab
379 701 418 764 ἴω
445 720 477 762 v.
501 698 538 761 ad
558 697 608 782 Aj.
631 719 662 761 v.
684 693 776 780 896.)
802 690 941 771 τόοτος,
970 702 1044 782 quod
1066 703 1171 770 Suidas
1196 723 1217 767 a

10 818 49 881 pt
113 801 240 888 νέομαι
262 802 360 876 ducit,
385 791 495 889 ῥοτός,
519 800 554 862 de
576 820 632 883 quo
653 821 684 864 v.
696 799 883 884 Wesseling.
908 799 945 861 ad
963 800 1048 865 Diod.
1063 806 1135 867 XX.
1158 803 1212 871 to.

10 924 47 993 ,ῑρ
112 927 145 990 p.
170 902 247 967 468.
292 903 444 966 Postremo
469 902 521 965 lu'c
546 913 733 988 suggestus,
754 903 888 989 flamus,
920 903 1035 977 luam,
1064 908 1213 989 omnim,

54 1020 55 1024 ’
113 1005 268 1090 effluens,
293 1004 350 1067 etsi
371 1026 388 1068 a
409 1004 507 1068 verbis
529 1017 688 1090 propagata
709 1015 791 1081 sunt,
815 1017 915 1069 tamen
936 1002 1088 1069 declinato
1108 1008 1216 1073 distent

113 1110 150 1172 ab
173 1107 347 1191 adjectivis3
366 1107 506 1184 ¹feminini
526 1130 600 1173 vero
621 1108 741 1193 generis
761 1109 958 1185 substantiva,
981 1128 1122 1184 accesso,
1144 1108 1229 1189 (nisi-

10 1176 18 1205 ,
114 1210 171 1275 boc
190 1209 299 1273 dicitur
317 1210 462 1294 adjective
483 1221 517 1274 ut
535 1210 582 1274 sol
601 1210 739 1294 occasus)
761 1209 905 1293 defensa,
930 1208 1067 1294 offensa,
1090 1210 1217 1295 repulsu

115 1313 230 1398 aliaque
251 1311 284 1375 iu
306 1311 449 1396 Aglaopb.
472 1312 509 1375 Τ.
533 1313 572 1376 ll.
598 1311 691 1376 1074.
716 1313 825 1388 allata,
856 1313 881 1376 si
904 1314 1029 1377 formam
1049 1313 1217 1389 intuemur,

10 1385 19 1414 ’
117 1415 189 1479 nibil
215 1416 383 1499 discrepant
412 1435 430 1477 a
457 1415 640 1499 participiis,
678 1414 984 1497 at·signilicationem
1011 1415 1099 1501 longe
1128 1415 1218 1481 obem

10 1565 26 1607 Β
118 1516 242 1598 babent3
283 1537 375 1602 quare
403 1537 458 1601 pro
488 1516 683 1580 substantivis
713 1515 815 1579 valent
840 1506 962 1599 perinde
990 1540 1024 1582 ec
1052 1518 1219 1583 masculina

10 1677 13 1703 ,
119 1621 268 1704 reponas,
292 1617 439 1702 offensus,
468 1619 612 1702 aquibus
634 1619 689 1682 boc
711 1640 802 1683 unum
824 1619 976 1696 differunt,
1000 1620 1076 1705 quod
1098 1620 1217 1705 proprie

10 1750 37 1796 ·,
118 1721 270 1801 dicuutur,
309 1721 362 1784 illa
391 1742 444 1805 per
473 1721 711 1785 translationem.
762 1721 819 1784 Sed
849 1742 915 1784 cum
944 1722 1158 1806 adjectivorum
1185 1732 1219 1787 et

10 1871 40 1912 m
78 1834 83 1851 ¹
119 1823 207 1888 lorma
234 1835 265 1889 et
290 1833 436 1908 potestate
463 1823 498 1886 ed
522 1825 664 1887 amussim
688 1833 859 1907 congruunt
884 1832 989 1886 atrato
1017 1844 1048 1887 v.
1070 1821 1218 1887 Muratori
1252 1836 1258 1849 ‘

10 1984 12 1990 ,
119 1927 148 1989 ad
169 1926 296 1991 Paullin.
320 1925 419 1990 Natal.
442 1925 513 1989 Xll.
537 1925 611 1991 375.
636 1929 767 2001 τἠοονοο,
784 1917 913 2000 ὀοίιιίο,
939 1935 1047 2002 tonso,
1071 1925 1215 2001 collecta,

10 2096 45 2124 γ’
93 2024 272 2110 'proeeoto,
303 2029 455 2105 deductu,
486 2050 639 2114 expensa,
659 2027 756 2112 sineru
769 2031 834 2113 ⁴⁸),
869 2050 904 2092 ac
930 2027 957 2092 si
982 2049 1069 2092 casus
1096 2027 1217 2093 tulisset

118 2140 145 2193 ut
165 2153 219 2215 pro
241 2128 368 2218 ταφρὸς
390 2127 530 2217 ὀρυκτή,
560 2152 617 2216 quo
640 2131 785 2196 Homerus
811 2133 855 2196 uti
879 2132 974 2207 solet,
1005 2152 1102 2215 neque
1123 2129 1216 2195 absti-

117 2234 178 2297 nuit
200 2234 389 2318 Xenophon,
420 2256 481 2297 uno
505 2235 598 2297 verbo
624 2233 774 2297 diceretur
800 2227 940 2319 ὀρυκτή,
972 2233 1215 2317 quemadmodum

116 2330 242 2416 κεστός,
264 2328 446 2424 οούλοχος,
469 2332 605 2425 ῥόθιος,
627 2329 796 2423 προβλής,
818 2333 956 2422 πατρίς,
978 2333 1127 2421 τρήρων,
1150 2334 1216 2419 qui·

12 2423 29 2454 ⁰
114 2438 164 2501 bus
189 2438 243 2501 illc
265 2439 452 2500 substantiva
474 2438 625 2521 adjungit,
655 2449 759 2521 postea
780 2460 833 2520 pro
856 2438 1049 2502 substantivis
1074 2445 1216 2517 usurpata

37 2608 45 2621 ⁸
114 2549 197 2614 tunt,
230 2558 301 2600 uum
323 2537 417 2620 igitur
437 2537 527 2611 illud,
559 2537 626 2620 qnia
647 2537 816 2619 appellativi
837 2538 897 2600 vim
919 2538 1065 2612 obtinuit,
1096 2532 1217 2620 adjecti·

10 2674 42 2707 ι,
115 2662 216 2706 vorum
245 2658 371 2701 numero
400 2637 520 2700 excludi
545 2659 599 2720 pur
626 2637 801 2700 videretur?
841 2638 983 2722 Equidem
1012 2638 1084 2703 illud
1110 2638 1214 2703 eodem

10 2759 43 2792 ¹1⁸
112 2742 174 2827 jure
193 2763 263 2805 esse
281 2750 364 2824 puto,
385 2761 443 2822 quo
460 2732 559 2828 χοτός
576 2740 602 2804 si
622 2761 675 2824 pro
693 2740 790 2828 χώμο
809 2741 942 2825 ponitur,
964 2742 1051 2826 idque
1069 2743 1213 2807 confirmo
1230 2765 1244 2785 ·’

13 2849 44 2879 ”“
116 2845 247 2928 exemplo
275 2843 527 2906 substantivorum
555 2834 736 2927 δοξομετή,
768 2835 909 2929 εἷαμοοή
936 2840 1079 2929 (ἥμενος
1105 2844 1212 2934 χῶρος

115 2944 236 3011 Theocr.
251 2945 335 3008 Xlll.
354 2944 438 3025 40.),
458 2938 622 3032 οἷγόμεμαι
642 2956 673 3008 et
690 2944 829 3009 similium
848 2967 880 3009 v.
900 2948 935 3011 ad
953 2947 1066 3032 Phryu.
1086 2970 1115 3032 p.
1133 2945 1209 3012 3⁶22.

10 3038 39 3140 :—
116 3049 145 3111 dc
166 3069 292 3134 quorum
314 3059 382 3110 ortu
404 3048 485 3113 iuter
506 3070 609 3112 omnes
631 3049 695 3110 lere
719 3048 871 3110 convenit.
904 3047 1016 3110 Verum
1038 3050 1068 3112 id
1089 3069 1212 3113 accure-

115 3150 169 3214 tius
188 3150 405 3234 explanandum
426 3161 522 3213 estet
542 3150 688 3233 exemplis
708 3149 850 3232 pluribus.
885 3150 1044 3214 Nominum
1062 3143 1212 3237 λεπαστή

28 3305 35 3318 .
115 3249 244 3337 (lepista)
271 3252 335 3316 sive
363 3263 396 3315 ut
423 3251 474 3315 alii
500 3252 669 3316 scribebant
690 3245 838 3338 λεποῖοτη
859 3251 970 3316 Athen.
993 3253 1050 3317 Xl.
1074 3253 1148 3318 484.
1173 3253 1208 3315 F.

113 3346 290 3440 ταλαιοτή,
311 3351 492 3440 madianaei,
512 3351 694 3441 πελλοοτὴ,
717 3355 801 3439 origo
821 3376 923 3439 parum
943 3356 1048 3434 claret,
1072 3357 1125 3421 sed
1144 3349 1211 3420 κοί·

10 3544 23 3558 ν
115 3479 170 3542 τη,
198 3453 320 3544 οἷορτή,
349 3451 446 3543 ἑορτή
473 3457 538 3521 sive
560 3452 641 3544 ὄρτή
671 3463 718 3538 (ut
742 3450 854 3546 ἐόργη,
879 3450 1083 3546 προοόρμη),
1111 3451 1209 3542 tlon.

26 3581 34 3596 ·
115 3556 219 3646 dolon,
239 3553 427 3646 μορτή49),,
443 3561 630 3625 manifestam
653 3561 762 3624 habeut
783 3582 849 3625 cum
868 3561 967 3627 verbis
988 3561 1208 3647 cognationem,

116 3711 319 3728 *-

177 3816 222 3882 tt)
238 3818 365 3885 tmttpm
382 3825 443 3869 suut
461 3833 553 3880 onero,
570 3823 701 3883 remisso,
718 3824 806 3886 cocta,
825 3824 905 3884 noto,
923 3818 1048 3870 vendicta.

177 3905 222 3971 ld)
238 3905 292 3957 Hoc
309 3921 357 3957 non
375 3905 505 3973 epitheton
526 3911 567 3956 cot
582 3905 653 3956 vocis
670 3905 756 3974 pcipe
774 3913 804 3958 ut
821 3907 895 3958 οἴνου
910 3897 1026 3968 τετάρτη
1037 3899 1145 3950 Herode.
1161 3900 1205 3953 lV.

117 3990 160 4051 52,
177 3991 203 4048 2·
223 3987 339 4060 desdorp,
354 3985 462 4079 ἡμίσεια
467 4026 477 4053 ,
493 3985 622 4060 ἡμιολία,
638 3994 750 4060 τριταία
767 3991 877 4060 Hesych.
897 3990 943 4040 sed
960 3985 1094 4040 vicarium.
