2534 4492
235 164 293 228 DE
314 158 489 228 FlGUllA
508 159 866 229 ETYMOLOGIGA.
889 163 917 248 §-
941 163 974 230 2.
1083 166 1157 235 odo

57 362 122 407 non
143 342 270 407 mullum
290 343 438 424 disorepat
458 337 645 424 Bernhardpi
671 340 825 407 sententia
840 343 929 430 Syna
952 365 983 429 p.
1007 341 1080 409 100.
1103 366 1157 410 ve-

58 457 140 511 teres
173 444 304 509 Graecos
332 443 422 507 nimis
451 440 625 525 simpliciter
651 437 784 529 βουλήν
813 439 1010 529 βουλεύειν,
1042 443 1157 536 μάχην

56 543 236 636 μάχεσθαι
248 547 375 622 dixisse,
398 554 503 628 postea
522 552 622 607 aulem
642 544 674 607 id
696 544 882 609 emendatum
903 566 970 611 esse
991 548 1090 613 addito
1107 550 1158 613 ad·

53 650 181 734 jeolivo.
234 650 345 713 Verum
381 642 510 734 βουλσὶε
534 641 710 730 βουλεύειν
738 646 890 730 (remila
916 660 991 713 sset
1016 652 1159 717 οοκειιλοο

56 749 158 815 Plaul.
180 752 272 815 True.
297 747 321 811 l.
344 747 383 823 2,’
401 745 422 809 7
427 747 452 823 ,λ
474 757 505 811 ολ
524 743 655 835 βουλήν
679 743 821 834 σ’ρίοεην
837 747 1013 837 βουλεύειν
1031 755 1158 818 eunden

56 863 213 917 auctorem
234 851 346 915 halent
364 849 543 930 Homerum,
572 871 629 914 neo
656 851 714 914 diei
742 862 841 936 polest
867 847 982 938 ὕβρεις
1009 852 1160 941 ύβρίζειν

54 965 91 1019 el
113 955 222 1019 similia
243 951 412 1037 antiquiora
432 973 500 1017 asse
522 963 553 1017 el
572 952 765 1036 impolitiora‚
792 976 878 1038 quam
899 975 976 1039 quaa
997 959 1161 1039 appositum

54 1055 172 1119 habeut
191 1054 381 1139 adjectivum.
437 1053 494 1118 Sed
524 1054 668 1119 universa
697 1077 786 1121 eausa
811 1056 919 1120 melius
950 1067 1160 1141 eognoseelur,

55 1158 86 1221 si
110 1157 199 1242 hujus
221 1155 452 1221 constructionis
472 1158 583 1242 padus
605 1167 636 1221 et
656 1158 912 1224 dissimilitudines
933 1168 967 1223 et
985 1158 1048 1223 vim
1067 1167 1162 1220 elra-

55 1259 199 1325 rielolem
220 1278 401 1343 exposuero.
683 1262 686 1267 '

564 1448 596 1530 p.
621 1446 655 1512 a.

144 1564 200 1629 llla
219 1564 313 1650 igilur
333 1565 486 1628 nominum
509 1576 540 1628 el
555 1565 721 1629 perborum
743 1566 937 1650 eonjuuelioj
958 1588 1046 1652 quam
1067 1564 1164 1632 Teeh·

57 1668 123 1733 niei
144 1679 210 1735 erle
232 1667 394 1752 quaesilam
415 1667 518 1730 dieunt
527 1672 543 1743 ‚'
571 1666 745 1752 plerumque
774 1679 888 1732 mulum
913 1670 955 1731 al)
982 1683 1049 1734 arte
1078 1670 1164 1734 abest

57 1782 96 1835 ul
114 1771 236 1856 majoris
257 1770 435 1854 sit'operae
465 1791 531 1834 eam
557 1771 672 1835 evitare
699 1790 788 1856 quam
819 1769 987 1833 admittere.
1032 1770 1108 1835 Nam
1124 1783 1165 1835 -ut

56 1894 118 1939 nos
138 1873 263 1937 (liumus
285 1873 345 1936 der
366 1872 471 1939 Wiud
488 1871 571 1937 walt
588 1874 655 1936 siue
676 1872 738 1935 ulla
762 1871 932 1956 paraclesis
959 1870 1162 1950 allocutione,

57 1974 202 2041 simililer
225 1974 334 2039 Grseei
365 1971 408 2041 σοὶ
437 1972 622 2063 πνεύματα
649 1988 729 2042 πνεῑ
751 1975 900 2059 Theophr.
934 1973 1025 2040 Gaus.
1044 1974 1083 2039 V.
1108 1975 1162 2051 12,

56 2075 94 2143 4ο
118 2099 180 2141 nou
202 2079 270 2160 quia
291 2080 426 2142 ornatius
447 2090 507 2159 est,
530 2079 583 2143 sed
605 2080 673 2162 quia
694 2079 773 2144 aliud
794 2075 1008 2164 uousuppelit.
1032 2079 1072 2143 Et
1090 2078 1164 2142 item

54 2178 122 2242 alia
143 2174 232 2261 ὀδριη
251 2176 372 2258 κε’δρου
389 2174 504 2241 ὀδώδει
528 2180 616 2240 Hom.
640 2181 694 2241 Od.
718 2182 757 2244 V.
778 2182 833 2245 00.
862 2183 914 2246 vel
935 2175 1000 2260 ὄζει
1021 2176 1164 2267 οἷρωριδ-

54 2302 132 2345 των
153 2278 238 2360 Hipp.
262 2300 300 2341 π.
321 2271 439 2360 Ἁφορ.
462 2297 491 2357 p.
514 2275 569 2339 25.
593 2277 630 2336 Τ.
655 2277 707 2337 lll.
729 2275 747 2340 ὁ
771 2278 853 2364 ῥύοιξ
878 2273 981 2364 ἐρρύη
1002 2278 1162 2344 Thuelll.

59 2378 138 2445 116.
163 2378 262 2464 φῦμα
284 2381 349 2463 ἔφυ
374 2377 506 2440 Herodo.
528 2374 583 2439 Ill.
608 2374 716 2461 1333>
737 2373 850 2450 οἷοιδδς
874 2374 979 2443 'uirides
1004 2376 1112 2463 Odyss.
1137 2378 1163 2443 1.

59 2483 140 2549 325.
163 2478 186 2566 ἦ
206 2476 364 2565 σύληυρὶς
386 2473 511 2563 ηὔλησε
525 2479 609 2541 Xen.
634 2478 736 2563 Symp.
760 2479 799 2542 ll.
815 2479 847 2543 3.
871 2483 905 2543 οἱ
922 2475 1092 2563 ηούρσυρεε
1106 2504 1165 2562 με·

50 2578 300 2673 ’μαρτυρήκυσι
319 2583 434 2645 Audoo.
459 2581 495 2643 de
517 2581 608 2665 Mysl.
640 2601 669 2663 p.
691 2577 731 2656 3,
756 2578 808 2645 19.
843 2577 863 2645 d
888 2574 991 2664 κη’ρυξ
1010 2571 1167 2664 κηρύσσει

62 2690 151 2753 Dem.
183 2707 212 2749 o.
240 2684 318 2748 Mae.
345 2683 447 2759 1051,
475 2681 529 2747 21.
558 2683 634 2765 quod
670 2704 731 2746 nou
758 2682 848 2747 aliter
883 2693 1082 2767 comparatum
1104 2692 1163 2760 est,

61 2785 192 2874 quam‘d
207 2781 294 2873 οἷνηρ
318 2778 418 2859 οὗτος
442 2781 596 2871 οἷνδρεῑός
621 2789 724 2851 ἐστιν.
768 2785 887 2849 Pariter
913 2805 987 2848 vero
1015 2785 1166 2869 praediea·

65 2905 128 2958 lum
151 2893 267 2976 objecto
290 2889 430 2951 definitur
451 2883 586 2973 ὁκηρυξ
608 2879 764 2975 κηρύσσει
782 2885 821 2954 κδ
837 2880 983 2974 πύτριον
1007 2879 1165 2976 κήρυγμα

65 2995 175 3060 desoh.
201 3014 228 3056 e.
252 2991 336 3055 Cles.
360 2989 436 3066 387,
458 2989 511 3056 23.
535 2991 634 3053 addito
655 2992 821 3075 adjectivo,
844 3012 901 3074 quo
927 2989 1002 3053 nihil
1024 3010 1095 3074 opus
1119 3003 1165 3055 est
1246 2976 1251 2988 ⁵

66 3099 95 3161 si
127 3116 238 3159 nomeu
274 3094 370 3178 ipsum
406 3093 653 3177 significationem
687 3092 776 3157 habet
816 3092 1018 3177 augustiorem
1058 3092 1161 3156 verbo.

66 3198 205 3282 Exempli
227 3217 316 3259 eausa
337 3195 498 3280 πέμπειν,
512 3206 545 3258 ul
566 3196 602 3259 de
624 3217 728 3280 pompa
749 3195 882 3259 ducenda
897 3195 954 3259 diei
965 3194 1163 3285 intelligatur,

66 3301 189 3365 nisiex
211 3298 352 3361 universa
372 3299 521 3362 sententia
543 3307 624 3381 pulol
651 3310 686 3361 ut
705 3297 799 3362 Arist.
824 3298 920 3360 Banu.
944 3295 1039 3361 1048.
1061 3316 1164 3360 neees-

65 3403 148 3468 sario
176 3393 323 3486 ποηκπήν
351 3400 546 3484 adjiciendum
575 3410 623 3463 est
648 3399 742 3462 Thuo.
773 3398 825 3462 Vl.
857 3398 910 3463 50.
955 3400 995 3464 Et
1020 3401 1056 3463 ad
1085 3397 1165 3462 huno

65 3507 185 3570 modum
207 3505 278 3580 alia,
302 3497 516 3588 α’νοιδήμοσκ
533 3496 741 3569 οἷνοικιθέναι
759 3501 844 3587 llipp.
869 3503 905 3566 de
926 3502 999 3566 Aer.
1020 3513 1052 3565 el
1072 3500 1161 3565 Loee.

38 3837 40 3840 Α
137 3781 165 3846 1)
182 3780 348 3846 Hippocrates
368 3778 440 3829 ruodo
455 3773 525 3845 ι’πήν
540 3774 616 3846 φῦμα
636 3766 691 3847 peip
710 3777 741 3827 de
755 3776 837 3828 Mori.
855 3775 886 3828 ll.
907 3774 969 3833 273.
991 3773 1022 3825 T.
1036 3772 1069 3823 11.
1089 3771 1162 3822 modo

65 3867 171 3934 passivo
183 3862 271 3936 ἐμφοῇ
289 3867 319 3916 de
333 3865 426 3916 iutern.
440 3864 525 3914 ullast.
539 3878 565 3928 p.
581 3864 640 3914 400.
657 3860 770 3935 (ξυμφοῇ
782 3864 818 3914 ib.
837 3880 861 3930 p.
873 3865 932 3914 455.
952 3867 979 3910 et
988 3860 1046 3913 552.
1069 3853 1161 3927 ι’κφυῆ-

63 3971 116 4005 ναι
127 3953 159 4003 de
171 3952 221 4003 Off.
237 3950 304 4004 lda'd.
328 3968 352 4018 p.
369 3950 410 4002 51.
426 3948 456 4000 T.
471 3948 528 4013 lll.)
543 3948 616 3998 modo
628 3941 741 4017 φύματα
752 3945 846 4017 φύεται
858 3949 951 4014 Aphor.
968 3960 992 4009 p.
1009 3941 1108 3994 703.Τ.
1118 3943 1161 3996 111.

65 4038 97 4089 da
112 4038 209 4089 iuteru.
223 4037 266 4088 ull.
281 4053 306 4104 p.
320 4038 380 4094 442.
394 4025 460 4106 ἐφύη
474 4034 579 4085 Prorrh.
591 4033 621 4085 ll.
635 4034 695 4091 202.
712 4032 743 4085 Τ.
761 4032 780 4085 1.·

928 4123 1008 4191 331,
