2534 4492
75 149 147 231 ³⁰8
214 218 217 223 .
307 200 318 229 ,-
429 146 743 217 ntssltttaat'to
771 147 810 216 V.

80 327 176 419 gypsi
196 349 229 395 ν.
251 322 421 395 Tasolnok.
443 327 513 393 Vol.
535 325 576 392 ll.
603 327 640 390 P.
662 324 688 390 l.
712 324 786 391 186.
810 337 849 393 et.
863 324 1033 391 Plautinum
1053 308 1192 412 dagino-

83 429 254 507 oornoedia3
283 452 380 517 neque
414 443 514 497 omen
543 429 651 494 dioitnr
678 428 732 493 lex
758 428 942 493 Aeliosentia
975 427 1026 493 vol
1052 428 1191 494 lininio·

81 532 180 597 munia
201 541 237 597 ut
256 531 343 599 hodia
363 533 528 599 inscribere
556 530 657 597 solent
676 531 902 603 dissertationes
926 530 1190 616 destorooopdilo·

82 633 223 719 logicos,
266 637 319 701 sed
345 636 433 701 Aelia
461 634 563 715 Sentia
592 644 652 698 eto.
688 634 891 717 Pindarusque
924 631 1012 697 Nem.
1042 631 1096 696 lll.
1130 630 1186 697 38.

17 792 24 803 .
83 746 203 823 coaetus
229 746 277 821 est
297 738 397 803 dicere
417 733 505 824 ἥρως
528 727 611 810 θεός
632 735 903 821 extrasynthesin‚
921 756 1008 819 qnam
1025 735 1191 800 admittunt

82 831 387 929 ἀνθρωποδαίμων
417 849 449 901 et
479 835 732 925 βροτοδαίμων.
783 818 964 926 ’Ἀφροδίτη
977 833 1070 926 Ἡρα
1092 837 1184 903 Paos.

82 938 134 1003 111.
160 940 219 1019 13,
242 939 274 1007 li.
300 940 453 1007 Siedelisio
483 963 550 1006 esse
578 941 697 1007 videtur
720 939 827 1006 Venus
848 942 1032 1026 cognomine
1052 941 1135 1004 Iuno
1156 939 1186 1003 id

83 1053 130 1107 est
152 1043 338 1129 conjugalis,
366 1065 423 1128 quo
452 1054 538 1128 panto
560 1040 651 1117 Ζεύς
676 1038 874 1128 Ἀσκληπιός
896 1042 1005 1106 Galen.
1036 1043 1074 1106 de
1094 1042 1183 1106 Adon.

81 1145 172 1211 Anat.
187 1146 224 1237 Ι1.
247 1144 288 1225 2,
315 1142 370 1211 28.
394 1144 430 1210 Τ.
453 1144 505 1210 lV.
519 1147 565 1231 ⁸⁶)
601 1143 772 1232 Ἡρακλῆς
794 1141 955 1231 Θεμίσων
979 1144 1091 1209 Athen.
1116 1142 1183 1208 Vll.

81 1246 158 1315 390·
180 1248 219 1312 A·
242 1239 377 1332 Κύπρις
393 1239 561 1335 Ἀρσινόη,
580 1243 762 1336 Ἀφροδίτη
779 1244 903 1334 Λαμία
926 1258 985 1311 eto.
1009 1246 1184 1332 pleniusque

81 1342 304 1434 Μενεκράτης
337 1346 356 1415 ὅ
381 1346 472 1426 Zods
505 1347 772 1437 ἐπικαλούμενος
799 1350 910 1414 Athen.
942 1348 1008 1414 Vll.
1040 1347 1117 1413 289.
1146 1346 1185 1413 A.

83 1452 140 1516 Sed
167 1452 203 1514 de
233 1453 403 1536 compositis
433 1477 494 1519 non
519 1449 592 1521 'raro
622 1452 764 1519 dubitatio
786 1452 931 1531 incessit,
968 1471 1115 1536 quaenam
1145 1449 1186 1513 sit

81 1552 221 1635 partium,
245 1554 351 1636 quibus
373 1568 532 1635 constant,
559 1559 641 1621 inter
662 1577 696 1621 se
718 1555 815 1635 ratio,
849 1577 905 1619 neo
927 1556 962 1618 de
983 1553 1112 1639 propriis
1137 1573 1185 1617 so·

80 1653 144 1717 lum
165 1654 218 1718 sed
247 1655 336 1719 otiam
364 1660 560 1743 appellativis.
609 1658 686 1723 Nam
714 1652 1046 1744 μωρμηκοίνθρωωος
1069 1655 1182 1742 signiti-

81 1776 153 1823 oare
174 1769 273 1845 potest
292 1755 475 1845 κὸκαύτόν
495 1753 661 1848 μύρμηκα
684 1755 768 1828 ὄντα
786 1761 844 1827 καὶ
858 1755 1063 1847 ἄνθρωπον,
1086 1778 1184 1841 neque

82 1859 183 1927 minus
204 1860 317 1930 τὸν-ἐκ
333 1859 528 1951 μυρμήκων
549 1861 675 1950 dunaal
698 1854 883 1951 μῦρμηκας
906 1853 1083 1951 γεγονότα.
1121 1861 1186 1925 lla-

82 1962 207 2049 demque
218 1963 395 2049 ambiguitas
407 1958 634 2053 adjeotiv'orum.
678 1965 811 2051 Namque
825 1962 1092 2053 οἲρκωωέριοσος,
1108 1964 1185 2051 γλω-

81 2054 254 2151 ademptio,
275 2062 515 2155 λειαύστηρος,
537 2060 767 2160 λευκόπωῤῥος
788 2069 917 2134 Aristot.
948 2069 983 2131 de
1009 2066 1112 2131 Color.
1130 2065 1184 2130 Vl.

82 2163 224 2249 792216.
247 2168 465 2256 λακκομὲλας,
486 2163 732 2259 μελανόφαιος.
753 2162 978 2262 ω’χρόξανθος,
994 2169 1186 2255 aldogiloas,

82 2265 293 2353 ᾰκίοωωανκε,
307 2273 382 2349 ‚sine
404 2274 491 2349 dubio
514 2296 559 2339 es·
575 2277 695 2362 paribus
716 2268 826 2363 ¹juncta
847 2284 919 2339 sunt
941 2285 975 2338 ut
995 2292 1188 2349 socer-son·

81 2379 152 2443 etos
172 2372 237 2439 sive
259 2387 490 2443 sacrosanctos.
533 2379 597 2444 Neo
618 2380 717 2444 minus
747 2391 861 2445 certum
895 2369 1191 2458 ανθηροωοίκιλος

80 2469 167 2539 Philo
187 2476 349 2559 deSomn.
372 2501 402 2565 p.
414 2479 489 2547 719.
512 2483 555 2557 ll.
573 2480 834 2570 ποικιλέρνθρος
846 2471 1205 2566 ειὲρνθροποίκιλος,“

81 2594 124 2640 ex
145 2578 264 2666 obliquo
287 2593 318 2647 et
338 2593 422 2649 reoto
445 2597 584 2652 onustam
607 2607 679 2653 nasu
692 2587 814 2670 perinde
830 2595 863 2648 ut
878 2578 1081 2667 germanicum
1095 2576 1187 2641 doat-

78 2680 220 2763 gelloolrt
235 2694 266 2763 ot
287 2705 428 2765 graecum
449 2707 468 2747 a
489 2688 675 2750 substantivo
704 2685 898 2766 compositum
919 2676 1190 2768 χροσοποίκιλος.

81 2776 139 2842 Sed
162 2782 198 2844 de
224 2778 427 2870 μωρόσοφος
454 2785 508 2850 vix
535 2785 594 2849 diei
624 2784 753 2868 poterit,
781 2793 882 2846 utrum
910 2783 1031 2847 denotet
1062 2781 1124 2849 τὸν
1144 2777 1212 2849 τοὶ.

81 2878 182 2967 μωροὶ
207 2881 316 2972 σοφόν
336 2897 369 2951 ut
391 2882 409 2951 ὁ
428 2881 470 2951 τοὶ
495 2882 600 2971 μικροὶ
622 2878 736 2959 ἄδικος
756 2884 863 2949 Liban.
888 2884 973 2950 Beol.
997 2885 1034 2948 T.
1057 2884 1082 2948 1.
1106 2881 1182 2951 248.

82 3005 170 3069 quem
192 2986 333 3052 Horatius
354 2986 532 3052 insanientis
554 2988 719 3073 sapientiae
741 2986 909 3053 consultum
926 2988 1050 3063 dixerit,
1074 3008 1114 3050 an
1128 2988 1184 3063 sio,

82 3097 119 3151 ut
138 3086 197 3152 alia
223 3087 370 3175 disparata
394 3085 597 3166 douoooldoaoc
617 3092 693 3157 Phil.
718 3091 871 3156 deludio.
894 3112 925 3175 p.
938 3088 1012 3154 719.
1033 3091 1071 3167 ld.
1096 3087 1192 3177 ὑψη-
1214 3166 1220 3179 Ι

82 3183 283 3266 λονοίωεινος
300 3193 356 3261 καὶ
379 3187 627 3283 μεγαλόμικρος
658 3196 694 3260 de
715 3193 836 3280 loseph.
864 3214 894 3277 p.
919 3191 994 3257 546.
1019 3192 1055 3257 G.
1079 3194 1188 3276 quidum

83 3312 267 3383 nequaquam
289 3297 506 3382 aequiparanda
520 3309 592 3363 sunt
611 3293 847 3387 μογαλοξδικος,
858 3291 1112 3387 μικροπόνηρος
1124 3306 1186 3363 eto.

168 3496 283 3565 Prioris
307 3501 400 3587 igitur
420 3505 560 3590 generis,
589 3506 666 3590 quod
687 3526 729 3568 ox
750 3503 906 3590 disparatis
935 3503 1096 3568 oonllatum
1126 3513 1186 3581 ost,

152 3687 197 3751 86)
214 3680 468 3760 Ζε6εἈμφιᾶρωοο
484 3691 636 3744 Dionearoli.
655 3689 688 3745 V.
705 3689 796 3744 Gnaeo.
818 3707 844 3758 p.
861 3689 973 3771 totu.
993 3687 1024 3741 ll.
1049 3691 1089 3743 ed.
1114 3688 1187 3741 Gall.

84 3768 151 3829 Ζεῦν
166 3764 337 3844 Τροφωνιοε,
354 3771 419 3830 Zads
428 3772 626 3847 Ἀγαμέμνων,
647 3775 786 3831 Ποσειδῶν
797 3772 956 3846 Ἐρεγθκῦε,
970 3768 1104 3844 ’Ἄρτεμιν
1114 3770 1192 3845 Ἰφι-

84 3859 189 3924 γένεια,
203 3856 317 3930 Ἀθηνᾶ
332 3858 437 3931 Γοργώ,
457 3880 563 3930 quornm
576 3871 661 3916 tamen
674 3865 801 3916 nominum
815 3862 938 3915 nonnulla
949 3861 1059 3914 fortusse
1073 3863 1190 3930 epitheta

86 3952 148 3995 sunt
164 3948 208 3998 vel
228 3948 322 4000 looalio
341 3949 385 4000 vel
404 3950 561 4004 attributivo
581 3939 707 4020 ἕρεγθεῦε
728 3947 899 4021 divinum,
921 3939 974 4017 ἦρε
995 3950 1072 4010 tera.
1101 3944 1187 4019 γοργῑῦ

86 4027 178 4101 γοργή,
195 4029 336 4105 ι’φιγέναω.

930 4240 949 4295 l
