2534 4492
58 148 131 251 ,1111
152 148 289 216 ΝΟΜΙΝ.
303 146 456 218 dolrem
473 146 525 210 ET
539 145 853 214 SUBSTANT.GEN.
870 146 1004 213 AMBIG.
1017 150 1044 233 §.
1055 148 1088 213 1.
1110 150 1181 217 555

81 331 163 415 poris
185 328 338 394 vinculum
360 324 555 405 remiserunt,
578 323 753 412 βασιλεία,
775 329 917 414 regiau),
938 323 1109 416 βασιλική,
1130 330 1180 393 be·

80 432 177 506 silice,
200 425 334 520 γυμνοῖς
353 433 383 495 id
401 442 449 495 est
471 421 666 517 γυμνάσιον
691 449 722 490 v.
748 428 868 495 Salmas.
891 434 929 496 ad
950 433 1076 517 Capitol.
1093 433 1179 497 Mox.

80 545 114 598 et
140 536 222 598 Belb.
245 557 275 619 p.
299 534 375 600 267.
399 557 428 598 a.
454 530 622 622 opotrtur'u
653 532 702 610 (ut
722 531 891 616 medicine),
907 541 1095 622 γυναικηΐη,
1117 528 1182 620 eip-

79 629 158 722 κτή,
178 629 321 723 aperturi,
344 636 451 723 κοίλη,
475 637 550 719 apud
574 634 702 698 Graecos
725 633 857 696 novitios
879 630 1032 723 τροπική,
1056 637 1182 701 ourvuia

78 761 111 804 v.
135 739 237 802 Reisk.
272 742 308 803 ad
339 741 445 802 Coust.
476 737 585 821 Porpb.
614 759 640 820 p.
663 733 739 799 (350.
770 736 846 818 apud
876 739 1094 821 antiquissimos
1124 739 1183 805 αἴ-

77 848 209 919 θουσα,
235 842 301 905 sive
325 842 509 921 αἰθοὺσσα,
533 841 580 903 eui
601 840 770 923 proximum
793 848 840 901 est
861 837 1064 911 Ξεινοῦσσαι
1080 840 1183 918 ξενῶ-

76 967 136 1016 νες
160 943 293 1028 Hesyob.
338 943 438 1007 Tertio
459 944 585 1026 partium
610 941 742 1025 eorporis
763 936 787 1025 ἦ
809 937 952 1028 ὑστέρα,
975 939 1135 1029 p‘oipoiu,
1158 940 1183 1029 ἦ

66 1036 222 1132 Ιοἷγκύλη,
246 1046 348 1109 ercule
371 1044 496 1130 (poploe,
520 1045 636 1125 armus)
656 1040 679 1128 ἦ
700 1038 834 1129 dueppiu
860 1043 979 1127 aliaque
1001 1043 1035 1106 iu
1054 1044 1180 1108 [dissert.

79 1149 131 1213 tv.
158 1149 186 1230 ἕ.
212 1145 243 1210 5.
267 1149 374 1225 allete3
398 1159 503 1231 quarto
525 1148 696 1211 morborum
717 1138 908 1232 λήθαργος,
932 1138 1183 1230 κυνολνθρωπος

80 1256 156 1318 sive.
174 1248 446 1336 λυκοὶνθρωπος,
472 1241 739 1336 dommum),
774 1245 1003 1334 eidpoxr'pudor
1035 1247 1184 1333 (simodo

80 1357 246 1420 masculine
259 1355 380 1437 dieitur)
402 1374 477 1436 quae
499 1352 598 1416 omnia
614 1353 650 1415 ab
668 1350 834 1414 bominibus
851 1352 988 1415 traducta
1001 1362 1083 1430 suut,
1106 1373 1187 1439 χορ-

82 1456 243 1542 boumn),
265 1451 451 1528 ὀστοκόπος
476 1454 665 1539 (ostoeopus)
689 1451 794 1514 Galen.
827 1452 862 1515 de
884 1452 979 1516 Sauit.
1003 1455 1106 1518 tueod.
1131 1452 1183 1515 111.

86 1561 118 1638 5,
143 1560 217 1626 194.
241 1559 340 1622 T.VI.
366 1558 442 1641 quod
464 1556 641 1640 adjectivum
665 1575 731 1619 esse
752 1555 851 1638 arguit
872 1565 1024 1634 accentus,
1046 1567 1186 1642 praeter-

89 1685 181 1747 eaque
211 1658 395 1748 empedocle,
423 1653 571 1748 α’γκύλη,
600 1679 635 1721 ao
656 1658 785 1724 fortasse
807 1655 1027 1744 tootyoaou).
1071 1660 1117 1723 Ad
1139 1659 1185 1723 ul·

149 1948 194 2013 11)
217 1949 354 2001 Herodian.
381 1947 426 2000 1v.
455 1949 502 2010 13,
531 1948 555 2000 7.
575 1949 761 2017 Lexieographi
787 1949 852 1999 bone
878 1948 1090 2013 significationem
1112 1961 1184 2014 prue-

33 2026 36 2097 λ
82 2043 195 2087 terouut.

33 2100 36 2129 '
140 2120 195 2186 ’12)
219 2122 309 2173 Altera
330 2121 412 2172 forme
436 2115 634 2192 ἅῦδροφόβας,
659 2137 735 2187 quem
749 2122 1008 2186 smweigbeueserus
1033 2118 1184 2170 adArriau.

33 2194 35 2203 ’
82 2204 192 2258 Dissert.
208 2204 252 2258 tv.
273 2209 299 2266 4,
317 2207 514 2272 bbunbiogiee
532 2209 688 2259 eontrarium
705 2208 818 2274 putavit,
838 2208 960 2273 exemplis
978 2206 1128 2257 confirmato
1145 2212 1187 2255 eet

33 2296 35 2307 '
82 2293 113 2342 ed
129 2293 175 2356 Aj.
193 2309 217 2359 p.
232 2294 292 2348 293.
313 2310 351 2360 sq.
374 2294 467 2360 quibus
486 2293 549 2342 udde
566 2290 691 2362 ξυγγονὴς
705 2294 779 2360 Hippi
803 2293 908 2344 Prorrb.
931 2291 988 2345 197.
1009 2291 1042 2343 Τ.
1057 2291 1076 2343 1.
1098 2307 1185 2342 eorru-

33 2348 36 2407 1
81 2385 151 2444 ptum
170 2379 280 2430 fortusse
295 2388 324 2429 ut
336 2375 473 2447 νευγονής,
493 2380 557 2444 quod
571 2379 630 2429 olim
645 2380 780 2442 legebatur
792 2378 865 2430 Diod.
876 2379 907 2430 11.
916 2379 959 2430 50.
974 2372 1185 2446 edrpopeirdiipp.

33 2502 35 2527 ,
80 2465 109 2514 de
124 2465 226 2514 Dentit.
243 2481 268 2529 p.
281 2465 342 2515 484.
360 2463 391 2513 Τ.
401 2463 421 2512 l.
444 2462 620 2531 ἑτερορῥοπὴς
635 2465 665 2515 do
679 2464 748 2515 vict.
759 2465 805 2515 Ac.
826 2481 850 2528 p.
867 2464 908 2516 77.
930 2464 960 2514 Τ.
975 2463 1006 2514 11.
1027 2480 1133 2528 quorum
1148 2464 1187 2513 ni·

79 2549 117 2599 bil
132 2555 249 2613 praesto,
268 2549 361 2596 medum
379 2542 441 2599 oddo
455 2544 545 2614 eriperis
558 2551 663 2597 Arctoe.
680 2549 710 2596 de
725 2548 796 2608 Sign.
813 2547 885 2597 Diut.
902 2548 933 2597 11.
948 2550 975 2608 2,
995 2547 1054 2599 131.
1073 2564 1118 2612 pro
1137 2564 1186 2614 quo

80 2625 191 2699 εὔπορος
203 2631 355 2696 requiritur.
424 2686 429 2699 .

150 2731 195 2799 13)
214 2730 452 2798 Properoxytonum
470 2736 510 2779 est
525 2730 554 2779 in
574 2731 645 2781 eodd.
664 2731 771 2782 Aretuei
789 2732 820 2782 do
839 2731 909 2796 Sign.
929 2731 975 2782 Ae.
989 2731 1020 2783 11.
1035 2733 1061 2794 6,
1077 2734 1119 2786 45.
1141 2736 1187 2786 red

33 2780 37 2877 λ
82 2819 159 2882 uulgo
176 2810 305 2884 expromo
325 2814 415 2865 aaron.
445 2816 475 2865 oe
492 2815 567 2866 enoc.
587 2817 636 2867 eu
657 2815 688 2868 v.
712 2817 737 2877 o,
757 2818 817 2870 ree.
846 2818 878 2871 r.
891 2819 958 2870 viu.
982 2819 1093 2888 uesyuo.
1115 2828 1143 2871 u
1159 2822 1187 2871 m

33 2900 39 2977 'p
83 2904 144 2953 loeis
163 2903 329 2964 medicorum,
349 2917 412 2969 quos
424 2901 532 2952 Foesius
544 2919 568 2968 p.
588 2902 646 2954 684.
663 2911 689 2953 et
701 2905 849 2955 bernardus
871 2907 903 2955 ud
923 2903 1005 2955 Nonu.
1025 2921 1047 2955 e.
1068 2905 1183 2957 CLXXI.

84 2990 124 3041 53.
149 2989 313 3050 iudicarunt,
350 3004 424 3054 quem
449 2996 580 3038 occentum
601 2988 728 3041 Arcadius
754 3007 778 3057 p.
798 2992 840 3042 85.
871 2991 1088 3059 hyperdisyllabis
1112 3008 1186 3059 prue-

84 3075 176 3124 eeribit
192 3071 323 3136 καλυψόε,
342 3070 489 3142 κινδαψός,
508 3067 652 3142 χορὸαψόσ.
688 3076 790 3128 Addere
808 3084 910 3142 poteret
925 3074 1043 3145 μυρεψός
1061 3084 1088 3127 et
1106 3097 1187 3145 χερα-

33 3172 36 3185 ’
83 3155 133 3226 ψός
151 3159 237 3227 Etym.
254 3159 289 3211 M.
304 3161 365 3231 219,
384 3160 426 3212 49.
449 3160 499 3211 uisi
518 3176 592 3211 error
612 3167 653 3210 est
671 3178 716 3227 pro
736 3159 884 3229 portuum.
910 3154 1043 3231 Λύκαψοσ
1061 3166 1184 3231 quomodo

83 3245 242 3296 scribendum
264 3247 314 3307 uit,
339 3261 429 3312 porum
448 3254 566 3306 constet,
586 3245 631 3294 sed
650 3239 810 3314 onvbo'depoe
830 3249 920 3299 cononi
941 3257 1029 3313 uperte
1048 3257 1183 3317 repugnat.

83 3330 205 3381 Ceterum
222 3325 362 3400 χορὸαψός
379 3332 483 3382 unicum
501 3339 541 3382 est
559 3330 681 3382 afuturo
700 3333 873 3399 compositum.

134 3430 178 3494 14)
194 3431 380 3498 Lexieographi
392 3428 490 3499 κωλικὴ
508 3432 620 3482 efferunt
638 3438 760 3498 tauquam
778 3435 860 3485 morbi
879 3451 984 3499 nomem
1003 3438 1119 3504 equidem
1136 3450 1185 3485 nou

81 3519 168 3584 reperi
185 3520 235 3570 uisi
250 3535 307 3568 eum
325 3518 487 3569 substantivo
504 3506 669 3582 eonjun‘otum
680 3516 778 3586 κωλικῄ
798 3521 853 3571 sive
865 3518 982 3591 κωλιακή
995 3518 1122 3576 διάθεσις
1135 3518 1185 3570 Go-

80 3605 135 3655 leu.
155 3605 237 3657 adeor.
254 3604 350 3656 lotrod.
364 3604 432 3657 Χ111.
450 3606 508 3660 128.
529 3604 560 3655 Τ.
576 3602 646 3656 XIV.
662 3601 746 3655 Noun.
760 3604 863 3658 CLXX.
881 3604 1035 3675 ειυῑκωλικὴ
1054 3610 1134 3659 solum
1154 3604 1185 3657 de

80 3692 273 3751 medicamento,
292 3697 323 3741 ut
340 3682 481 3757 πταρμικῆ
497 3690 581 3742 Diost.
596 3691 661 3757 Eup.
678 3689 698 3742 1.
721 3707 744 3742 e.
762 3693 820 3744 150.
841 3687 921 3760 obrem}
937 3693 1027 3746 Galen.
1047 3695 1077 3744 de
1096 3691 1181 3758 Comp.

80 3774 147 3828 tter.
162 3793 187 3843 p.
201 3777 277 3829 Loco.
293 3776 335 3828 111.
356 3777 380 3834 1,
398 3777 459 3828 ott.
479 3777 575 3838 rodier,
596 3780 744 3829 stomatice.
783 3777 833 3830 Sed
852 3781 996 3832 morborum
1021 3778 1122 3830 nomino
1140 3776 1184 3830 ad·

33 3828 36 3917 λ
75 3860 179 3927 jocum
193 3866 399 3926 suutiutorrur,
418 3867 718 3929 querquera,'uomiou;
742 3853 809 3933 ῥυσᾶ
827 3861 844 3931 ἡ
860 3858 1009 3933 pedonum,
1025 3860 1043 3928 ἤ
1061 3858 1183 3932 γήρασις·

33 3938 37 4043 Ι
78 3944 184 4019 λέγεται
210 3957 257 4003 καὶ
280 3942 345 4018 ῥυσή
363 3949 435 4000 Suid.
460 3949 572 4005 fortasse
598 3959 628 4002 ut
645 3947 727 4017 λεῦκη
743 3951 845 4015 vitiligo
870 3966 896 4001 v.
916 3950 1025 4014 interpp.
1051 3950 1083 4000 ud
1102 3948 1181 4014 Greg.

33 4074 35 4105 Ι
79 4049 104 4100 p.
121 4031 182 4089 517.
202 4031 296 4091 robure
312 4029 329 4104 ἡ
344 4033 479 4113 λεγομένη,
491 4031 595 4106 αὗαντή
614 4037 732 4105 Hippoor.
757 4031 1008 4090 indubitati.
1026 4034 1063 4087 Τ.
1073 4034 1111 4087 11.
1133 4035 1189 4084 Sed
