2534 4492
112 158 187 226 Μ
475 154 786 226 DlSSElll'A'l'IO
814 157 855 225 V.
982 205 985 209 ·
1089 198 1093 205 ·

114 347 247 404 mentum
268 335 398 414 (lucam,
419 335 556 420 inferia
574 337 753 423 adjectivum
774 357 866 412 asse,
889 345 959 401 aute
983 337 1085 405 oculos
1107 341 1219 424 positis

114 439 283 505 numinibus
304 441 468 525 eaequiuc,
492 439 648 515 induciae,
677 441 848 525 suppetiae.
894 436 1010 503 Verum
1041 440 1128 526 hujus
1156 465 1225 507 am·

112 541 265 626 biguitatis
286 541 421 625 quamvis
442 538 534 604 multa
550 540 686 624 exempla
703 540 891 625 protulerim,
918 550 1018 605 tamen
1034 542 1113 607 baud
1128 565 1228 629 pauca

113 653 230 708 restant
246 653 283 706 et
303 644 433 708 maximo
455 641 575 705 nomina
595 642 627 706 in
648 628 725 718 {uug-
743 654 774 707 et
789 627 876 716 criu}
891 644 1048 721 exeuntia,
1072 666 1148 729 quae
1163 646 1225 713 alie

113 742 182 810 loco
203 744 240 810 tle
260 745 408 811 industria
428 744 574 808 tractabo.

623 846 652 930 a.
678 844 710 911 7.

196 965 336 1052 Sequitur
349 966 386 1030 (le
401 962 573 1049 compositis
589 964 748 1050 disputatio
763 967 863 1051 priore
883 965 961 1030 baud
986 967 1086 1051 paullo
1102 971 1220 1056 perple-

112 1067 211 1139 xior.'
228 1067 375 1152 Exemplo
396 1066 436 1130 sit
460 1087 570 1130 nomeu
584 1065 795 1157 χαυλιόδοος,
818 1071 903 1155 cujus
926 1080 956 1133 ct
970 1069 1065 1133 forma
1078 1072 1220 1158 adjectivi

111 1169 217 1235 similis
231 1182 279 1235 est
296 1180 330 1233 ut
344 1159 581 1258 καρχαρόδους,
605 1161 782 1257 οἷργιόὸοος
797 1181 856 1234 etc.
882 1181 913 1235 et
934 1174 1133 1253 constructio,
1156 1171 1219 1243 nd-

109 1294 196 1360 προς
215 1262 424 1361 χαυλιόδοος.
470 1270 528 1335 Sed
549 1271 576 1335 si
593 1273 715 1350 dentes,
740 1293 812 1358 quos
835 1273 980 1337 nonnulla
1002 1275 1142 1342 animalia
1167 1277 1217 1342 ba·

110 1374 183 1439 bant
204 1372 394 1457 peculiariter
415 1383 555 1437 exsertos
586 1384 618 1438 et
638 1375 781 1454 falcatos,
815 1375 950 1440 absolute
975 1377 1116 1442 dicuntur
1135 1403 1217 1470 χαυ-

110 1466 331 1558 tricoccum)
354 1474 485 1560 itemque
513 1476 618 1540 dentes
647 1477 747 1540 canini
767 1469 982 1555 nociturna,
1002 1481 1132 1545 molares
1152 1506 1216 1569 μυ·

110 1574 278 1658 λόὸοντος,
301 1577 338 1642 ad
360 1577 541 1642 substantivi
562 1589 699 1643 naturam
721 1581 863 1644 accedere
879 1581 1008 1645 videtur.
1056 1582 1217 1662 Quaeritur

110 1699 184 1766 crgo
206 1682 303 1745 duone
325 1679 387 1744 sint
408 1680 520 1744 diversi
542 1680 662 1764 generis
684 1683 804 1746 nouuua
826 1704 866 1747 an
889 1705 956 1746 cum
969 1683 1116 1768 adjectivo
1131 1710 1215 1777 χαυ-

109 1775 255 1860 tritona,
279 1781 329 1846 ubi
351 1784 387 1846 de
410 1783 546 1847 dontibus
568 1782 689 1858 dicitur,
713 1784 830 1848 occulte
851 1784 959 1869 gliscat
980 1786 1063 1850 notio
1078 1789 1217 1853 substau-

109 1885 184 1964 tivi,
207 1886 284 1970 quot
313 1885 422 1974 ῥητῶς
451 1885 561 1949 addidit
589 1885 755 1950 Herodotus
779 1884 817 1949 ll.
841 1884 895 1950 68.
925 1881 1060 1964 ὀδόντος
1081 1884 1217 1980 quoio&

106 1984 237 2060 δοοοος.
281 1987 394 2070 Estque
417 1998 593 2051 consuetum
617 1986 740 2052 Graecis
762 1989 950 2056 substantivo
971 1991 1216 2078 adjungere'epi·

109 2088 215 2154 theton
238 2088 274 2151 ab
297 2088 400 2151 eodem
424 2090 544 2152 nomine
567 2090 760 2173 compositum
774 2089 818 2177 γῆ
841 2088 1026 2181 λεποόγοως
1040 2093 1214 2179 Geopp.lll.

109 2188 219 2268 1,19.
246 2189 290 2276 γῆ
312 2180 494 2278 βοθύγοωο
515 2189 645 2254 Herode.
673 2189 725 2255 lV.
751 2190 805 2258 23.
830 2187 957 2282 εὔγειος
973 2195 1087 2260 Auecd.
1112 2196 1215 2262 Grau.

107 2290 134 2357 Ι.
158 2291 233 2370 152,
257 2291 288 2356 7.
313 2287 413 2366 λύκος
441 2285 633 2378 nubilosos
654 2291 741 2358 Arat.
769 2293 863 2362 1124.
888 2292 1001 2369 ’ἵππος
1025 2288 1215 2381 circumc,

107 2390 200 2462 κύων
226 2397 366 2469 innocue
384 2394 500 2478 aliaque
522 2396 555 2459 iu
575 2396 705 2461 Dissert.
731 2397 767 2462 de
788 2397 854 2483 Fig.
871 2397 973 2485 Etym.
988 2395 1124 2464 collecta.
1155 2399 1219 2466 Ho-

107 2500 174 2563 rum
196 2509 296 2564 eutem
317 2497 462 2562 nonnulla
484 2519 557 2563 usus
578 2500 728 2584 popularis
750 2521 824 2565 aura
846 2521 882 2564 eo
905 2500 1022 2580 evexit,
1044 2510 1078 2563 ut
1099 2513 1215 2585 spreto,

108 2619 165 2685 quo
188 2601 259 2667 olim
281 2601 466 2677 nitebantur,
495 2603 700 2667 sustentaculo
729 2603 793 2688 ipsa
815 2623 923 2687 perse
946 2601 1167 2682 consisterent,
1193 2602 1217 2692 ᾖ

106 2698 294 2789 μεσόγεως,
316 2700 577 2789 ἦποοσέληνος,
601 2699 620 2766 o‘
635 2697 812 2785 μόοιππος
830 2704 876 2779 (et
896 2697 1085 2786 aquationes
1098 2703 1213 2770 Anccd.

106 2801 203 2867 aaut.
228 2803 309 2889 lud.)
330 2794 575 2890 vincebaturque
594 2823 626 2865 v.
650 2799 867 2884 Wyttenbach.
891 2802 927 2863 ad
948 2801 1064 2888 Euuap.
1089 2828 1119 2891 p.
1139 2807 1212 2874 195.

106 2904 153 2968 Aa
176 2903 232 2969 boc
253 2905 347 2989 ignor
371 2901 541 2987 exemplum
569 2901 748 2986 adjectivum
777 2898 975 2992 χαυλιόδοοο
998 2890 1136 2991 usurpari
1163 2932 1215 2996 qo·

108 3005 168 3068 tuit
187 3027 240 3090 pro
262 3006 462 3070 substantivo.
509 3003 566 3066 Sed
588 3002 657 3093 binc
680 3025 742 3069 non
756 3005 885 3090 cogitur,
910 3008 1130 3073 substantivum
1146 3033 1214 3077 esse

108 3128 170 3172 non
196 3129 302 3193 posse3
342 3107 418 3192 quod
447 3115 481 3171 ut
510 3126 744 3190 consequamur,
779 3109 974 3173 redordienda
997 3122 1044 3175 est
1065 3114 1214 3196 quaestio,

109 3231 195 3295 quum
224 3210 261 3274 ad
288 3209 404 3294 Pbryu.
443 3231 473 3296 p.
505 3207 580 3274 600.
619 3209 812 3276 tractavimus
839 3211 960 3276 brevius
988 3216 1215 3301 augustiusque,

110 3333 197 3398 quam
227 3313 302 3396 quot
334 3313 370 3375 ad
391 3323 579 3398 praesentem
609 3334 726 3377 causam
755 3314 828 3378 satis
861 3315 911 3379 sit.
956 3315 1217 3382 Examinabuntur

39 3474 41 3478 .
110 3437 184 3499 ergo
204 3417 390 3480 substantiva
412 3437 474 3480 uon
495 3415 592 3480 solum
623 3428 697 3500 quae
727 3417 762 3479 ab
791 3417 938 3503 adjectivo
962 3429 994 3482 et
1014 3419 1216 3499 substantivo,

109 3519 273 3587 sedebam
295 3538 370 3604 quae
392 3539 410 3582 a
432 3519 544 3583 duobus
566 3518 728 3602 composita
749 3529 820 3582 sunt
840 3520 1047 3586 substantivis.

617 3654 646 3736 ς.
671 3650 705 3717 e.

193 3774 305 3840 Horum
332 3771 391 3837 tluo
417 3773 596 3837 constituam
626 3793 739 3857 genere
765 3793 801 3838 ac
827 3775 954 3860 primum
983 3795 1105 3852 eorum,
1138 3796 1219 3861 quac

71 3975 73 3979 >
178 3946 225 4012 83)
242 3946 325 3999 Arist.
345 3944 378 3998 11.
393 3945 426 3997 Α.
447 3942 492 3998 lV.
514 3939 1005 4018 11,7.ὅδοόοοεοο1χοο1ιο’δοντκ.
1039 3947 1079 4002 to
1104 3949 1217 4004 broebm

109 4030 182 4082 modo
195 4030 258 4082 dens
275 4032 371 4084 dicitur
388 4029 515 4085 eminulus
532 4031 605 4084 modo
623 4028 704 4083 bomo.
