2534 4492
106 160 240 241 urnu—
456 158 836 232 nrssnnnnrtov.
899 250 901 255 ¹
957 246 960 251 Δ

79 330 334 431 '72149220
363 330 506 432 ὄμματι
532 340 740 435 ..σόφισμα
768 343 896 410 nasto.
926 345 964 411 u.
995 343 1075 410 mn.
1099 338 1155 413 tv.
1179 340 1218 428 κ,

110 455 141 519 6.
165 445 346 536 ὅφθαλμοι
368 442 498 515 monol
520 450 642 531 helian.
666 449 703 512 H.
727 448 807 513 hon.
831 448 872 514 V.
895 446 947 512 47.
970 443 1110 528 ιλὺςζαος
1130 449 1220 538 βίο-

106 577 166 628 αος
188 551 291 635 Epigr.
321 551 430 636 Adesp.
461 549 616 616 DGLVlll.
648 573 723 634 qnae
754 550 883 636 epitheta
918 551 1017 614 omnia
1046 553 1216 635 praedicati

106 656 174 721 tono
187 652 309 737 adjungi
322 665 449 737 possunt
469 648 512 720 τοὲ
525 642 667 737 ὄμματα
681 654 742 741 τῆς
760 651 859 741 κόρης
879 646 1087 741 ettonem&
1103 659 1216 734 ἐστιν,

106 766 141 822 nt
165 749 285 829 εὔπαις
306 753 325 822 ὁ
345 757 483 830 Λατοῦς
505 747 605 843 γόνος
626 757 699 821 Εσσ.
724 756 787 842 lph.
811 758 847 820 T.
873 756 968 822 1234.
993 776 1027 820 ae
1048 757 1115 821 sive
1138 780 1215 845 syn⁴

105 855 226 944 onymis
247 858 450 942 adjunguntur
477 858 543 921 sive
564 857 788 944 heteronymis‚
812 860 899 924 modo
927 855 965 925 τὸ
985 863 1074 948 ἔχειν
1095 861 1216 945 signifi·

105 971 178 1025 aaut
199 961 286 1025 modo
307 959 346 1027 τὸ
371 960 471 1026 εἶναι.
516 959 617 1044 ltaque
647 961 722 1044 qnod
752 981 842 1044 snpra
870 962 1001 1026 dicebam
1036 957 1217 1051 oiptflposaei-

105 1065 225 1133 πωλον
246 1075 277 1128 et
298 1064 380 1126 leam
403 1062 461 1125 (liei
483 1072 514 1125 et
536 1083 660 1147 equum,
684 1063 786 1126 eadem
816 1076 862 1127 est
884 1065 1068 1129 scholiastae
1097 1067 1218 1133 dubita·

107 1170 152 1235 tio
177 1170 251 1233 Enr.
277 1165 329 1229 O'r.
344 1159 418 1229 964.
443 1164 674 1252 Περσέφασσα
687 1162 863 1239 καλλίπαις
878 1165 946 1233 θεολ
961 1165 985 1253 ἢ
1003 1172 1128 1258 ἔχουσα
1150 1192 1216 1236 κα·

80 1271 170 1347 ,λον
194 1268 301 1337 παῖδα
328 1264 389 1334 τὸν
408 1261 548 1355 Ἴακχον
581 1269 628 1348 (ut
649 1278 744 1330 mater
774 1269 838 1352 ejus
860 1269 969 1334 dieitur
989 1269 1066 1357 Δηολ
1091 1268 1218 1359 οἷγλαό·

108 1397 190 1448 παις
211 1371 310 1436 Noun.
335 1368 417 1433 Xlll.
444 1368 517 1434 199.
543 1381 574 1434 et
595 1369 684 1433 attice
705 1369 943 1457 Καλλιγένεια)
963 1369 987 1458 ἤ
1010 1370 1033 1460 ἦ
1055 1367 1143 1441 οὖσα
1157 1397 1217 1442 κα·

107 1475 149 1562 λη
172 1487 268 1555 παῖς,
299 1473 387 1536 sieuti
419 1471 532 1558 ιλεληλς
565 1466 756 1561 μεηακήτης
782 1472 817 1536 ll.
841 1472 928 1536 XXl.
959 1474 1013 1539 22.
1039 1476 1216 1562 explicatur

108 1576 234 1667 ὄμὲγα
259 1574 360 1661 κῆτος
391 1569 450 1651 ὤν,
475 1576 551 1657 quod
573 1576 705 1638 imitatus
731 1574 895 1661 Gregorius
916 1576 993 1641 Naz.
1026 1578 1129 1642 Carm.
1159 1576 1215 1642 lll.

107 1700 139 1767 p.
169 1679 222 1744 67.
253 1677 290 1741 A.
322 1667 514 1765 perpensione
556 1677 651 1764 θῆρα
680 1677 774 1756 dixit3
809 1674 1084 1766 γλνκοποῖρθονοι
1108 1679 1218 1765 Ὧραι

109 1783 238 1869 Meleag.
271 1780 325 1863 Ep.
348 1778 425 1842 LIV.
460 1770 716 1866 φιλοποέρθενος
743 1772 845 1866 Αὔρη
874 1779 975 1844 Nonn.
1001 1782 1112 1846 XLIV.
1136 1781 1216 1847 431.

110 1904 242 1974 proquo
264 1877 478 1968 εὐπάρθενος
503 1883 561 1946 diei
583 1892 693 1967 potest,
724 1892 758 1946 ut
785 1876 962 1970 φιλότιμος
989 1884 1099 1949 Aeselt.
1123 1885 1216 1949 llum.

110 1987 205 2053 1032.
229 1986 307 2048 idem
329 1983 393 2046 lere
415 1985 497 2048 valet
519 1986 593 2068 quod
615 1981 814 2070 πολύτιμος,
835 1987 994 2071 eademque
1015 1983 1216 2075 theudoen-

108 2112 169 2163 νος
191 2088 300 2151 dicitur
319 2085 422 2150 Nonn.
445 2085 581 2148 XLVlll.
605 2087 679 2151 421.
710 2098 741 2151 et
763 2088 857 2152 Diana
881 2082 1094 2174 condonares
1118 2089 1214 2154 Anth.

109 2191 162 2256 Vl.
186 2212 218 2255 n.
243 2187 319 2256 287.
349 2188 422 2251 item
450 2187 540 2251 Dirae
562 2189 689 2274 nympha
710 2189 817 2254 Baeeh.
842 2190 916 2258 529.
941 2204 972 2257 et
999 2193 1135 2278 lymphae
1158 2190 1214 2256 Ni·

109 2295 202 2359 linoae
223 2283 489 2377 καλλιπάρθενοι
506 2290 585 2381 pout
606 2292 672 2356 llel.
697 2314 729 2356 v.
747 2292 777 2356 1.
802 2295 862 2358 nisi
883 2296 924 2358 ita
946 2296 1084 2358 dicuntur
1104 2295 1143 2357 ob
1169 2294 1217 2358 in·

95 2380 275 2459 ¹habitantes
296 2393 460 2481 Nymphas,
484 2404 569 2459 utet
595 2396 776 2481 Τιλφῶσσα
803 2396 1020 2482 καλλλκρηνος
1047 2393 1131 2456 Pind.
1159 2394 1213 2460 Fr.

109 2497 216 2561 CCXI.
226 2499 273 2584 ⁸⁹)
308 2498 457 2562 incertum
494 2508 540 2562 est
569 2510 670 2563 utrum
713 2522 788 2584 aqua
819 2501 943 2563 fontana
979 2498 1094 2560 dioatnr
1128 2492 1215 2583 καλῆ

107 2595 214 2688 κρήνη
240 2596 326 2668 οὖσα
355 2623 394 2664 an
423 2603 478 2665 dea
500 2598 607 2687 καλήν
635 2601 764 2688 κρήνην
792 2607 926 2690 ἔχουσα.
971 2599 1064 2663 Nobis
1091 2597 1214 2663 lieentia

108 2704 226 2781 minor3
262 2724 331 2764 nam
369 2702 396 2762 si
424 2702 502 2763 sorte
540 2702 629 2763 liceat
655 2722 749 2762 unser
782 2701 1102 2785 grossherzoglioher
1127 2701 1214 2766 Hm

35 2882 38 2893 .
108 2814 144 2869 nt
164 2824 259 2867 unser
287 2800 505 2884 hoeniglieher
525 2800 623 2876 Ηινν,
665 2810 763 2863 tamen
793 2822 854 2863 non
882 2800 998 2881 licebit·
1017 2804 1067 2866 die
1102 2824 1212 2887 grose-

108 2904 323 2970 muetterliche
348 2903 454 2978 Phoe,
494 2911 529 2965 nt
558 2901 666 2965 Graeci
695 2903 796 2967 dieunt
823 2897 1071 2992 μεγαλομήτωρ
1100 2901 1210 2992 πόρις.

109 3006 144 3073 ln
165 3007 211 3070 his
233 3017 332 3069 antem
355 3005 491 3068 omnihus
513 3002 587 3066 nihil
615 3015 674 3080 est,
706 3008 782 3090 qnod
808 3008 1001 3071 substantivis
1032 3009 1129 3072 asseri
1158 3009 1211 3072 ‹le-

108 3112 195 3186 heat,
231 3108 281 3170 sed
311 3127 453 3193 persaepe
481 3107 595 3191 speeies
620 3109 880 3175 substantivorum
920 3110 1025 3174 existit
1054 3110 1150 3174 fallax
1180 3120 1211 3174 et

108 3210 314 3286 lnlihnahilis,
352 3210 438 3274 velut
471 3208 497 3273 si
534 3212 598 3294 quis
628 3213 664 3274 de
693 3208 782 3274 Horis
819 3213 951 3278 Musisve
987 3213 1130 3297 loquutus
1161 3212 1212 3277 de·

108 3315 179 3378 inde
201 3332 252 3376 eas
281 3313 415 3377 absolute
442 3312 569 3397 appellet
599 3310 661 3388 τοὶς
686 3312 927 3401 ἐὐπαρθένονς
952 3314 1001 3379 vel
1030 3316 1213 3401 καλλιπαρ-

109 3415 248 3488 alvom.
294 3415 460 3500 Graeoiqoe
488 3416 670 3501 posteriores
703 3417 780 3481 haud
810 3439 879 3482 raro
906 3418 1037 3503 epitheta
1066 3419 1214 3483 solemnia

109 3528 142 3583 et
163 3519 224 3581 fixa
252 3519 420 3583 nominihus
449 3519 692 3604 agglutinarunt3
722 3517 741 3586 ὁ
767 3516 956 3609 οἷροόπαγος
978 3519 1029 3584 vel
1050 3515 1214 3606 οἷρειόπα-

109 3640 180 3710 νος,
202 3621 278 3706 quod
299 3621 335 3684 ad
357 3621 471 3707 Phryn.
494 3644 524 3706 p.
549 3621 623 3687 599.
647 3624 723 3706 apud
744 3623 882 3708 antiquos
904 3624 1065 3706 scriptores
1082 3624 1214 3709 reperiri

109 3793 319 3808 Μ

178 3879 223 3945 88)
241 3879 410 3947 Euplocamus
424 3879 532 3946 capillus
545 3878 639 3937 Lucilii
652 3881 787 3948 respondet
797 3884 893 3947 'graeco
911 3873 1077 3948 εὖπλόκαμοσ
1094 3883 1214 3939 aemma

110 3958 188 4017 luth.
202 3964 257 4016 Pal.
272 3964 304 4017 V.
320 3982 346 4016 n.
363 3963 422 4018 191.

162 4062 166 4071 ·
180 4051 225 4117 89)
241 4052 407 4114 Rammius,
426 4053 495 4104 unde
508 4053 556 4104 hoe
567 4052 684 4114 affertur,
703 4053 735 4105 ah
746 4054 878 4106 Athenaeo
894 4052 991 4122 aceepit
1007 4050 1094 4108 1142.
1107 4051 1140 4106 ll.
