2534 4492
303 983 688 1071 mssnurarrc
720 982 960 1096 QuuvrA.

97 1170 148 1234 DE
175 1154 385 1235 NOMINIBUS
412 1169 611 1234 ADIECTlVl
637 1171 688 1234 ET
718 1168 968 1236 SUBSTANTlVl
991 1167 1155 1234 GENERIS

526 1272 720 1338 aucteurs

191 1463 326 1547 Nullam
348 1497 368 1538 a
390 1473 597 1538 Grammaticis
626 1475 760 1560 regulam
781 1476 925 1540 traditam
940 1497 1008 1542 esse
1030 1497 1089 1562 qua
1110 1476 1179 1541 sub-

77 1577 207 1642 stantiva
229 1590 260 1642 et
273 1577 427 1663 ‘adjectiva
450 1577 669 1654 discernantur,
693 1578 791 1642 minus
823 1579 926 1663 peritis
947 1579 1056 1643 mirum
1077 1578 1179 1644 videa·

77 1690 127 1743 tur
148 1701 272 1745 neeesse
295 1691 354 1756 est,
377 1679 403 1742 si
424 1679 631 1761 reputaverint
651 1681 681 1743 id
696 1680 779 1764 quasi
794 1680 890 1743 solum
909 1692 941 1743 et
954 1682 1180 1744 fundamentum

78 1803 144 1846 esse
172 1783 260 1868 huJus
290 1781 484 1865 disciplinae,
509 1779 574 1843 sine
605 1803 662 1865 quo
690 1782 801 1858 sistere
827 1792 974 1864 nequeat,
1011 1781 1180 1846 accuratius

78 1884 127 1969 qui
148 1906 214 1948 rem
236 1885 406 1970 cognorint,
432 1885 555 1949 omnino
582 1884 672 1947 talem
694 1881 828 1967 regulam
857 1882 933 1946 tradi
960 1903 1047 1965 posse
1077 1883 1179 1966 despe-

77 1987 196 2049 rabunt.
241 1987 324 2051 Adeo
352 1987 440 2051 facile
465 2008 507 2052 ex
533 1986 673 2074 epithetis
701 1987 777 2050 fiunt
807 1984 1002 2070 appellativa,
1032 1985 1108 2048 adeo
1133 1984 1179 2047 in·

77 2089 206 2152 discreta
231 2101 278 2152 est
297 2089 516 2174 primitivorum
537 2100 568 2153 et
592 2090 794 2154 derivatorum
815 2088 998 2175 similitudo,
1023 2088 1097 2151 adeo
1119 2086 1179 2151 late

76 2202 158 2274 patet
189 2192 390 2278 metonymian
416 2213 511 2269 usus,
541 2204 576 2256 ut
595 2191 731 2277 proprias
760 2194 902 2277 cujusque
927 2189 1064 2255 vocabuli
1093 2200 1180 2253 notas

75 2293 250 2376 promittere
271 2316 362 2380 prope
391 2296 543 2380 cujusdam
570 2293 750 2358 insolentiae
771 2295 920 2358 videatur.
966 2292 1180 2357 Verumtamen

77 2394 237 2476 aperienda
258 2407 306 2460 est
325 2396 482 2478 aliquando
503 2396 591 2478 hujus
612 2396 796 2478 quaestionis
817 2397 879 2472 via,
902 2417 989 2479 quam
1001 2413 1180 2478 persequen-

78 2505 130 2557 tur
152 2493 217 2568 alii,
241 2513 394 2576 quousque
415 2495 561 2556 humanae
583 2515 757 2556 concessum
785 2507 832 2557 cst
852 2496 1053 2579 conjecturae.

161 2799 408 2885 Adjectivorum,
432 2819 507 2883 quae
528 2818 581 2882 pro
604 2799 803 2889 substantivis
821 2800 942 2880 valent,
966 2803 1022 2866 duo
1045 2814 1126 2880 sunt,
1149 2816 1183 2866 ut

78 2902 246 2966 summatim
271 2903 377 2978 dicam,
402 2921 533 2986 genera,
564 2922 656 2965 unum
679 2901 835 2979 naturale,
859 2903 988 2968 alterum
1008 2906 1180 2989 positivum,

78 3005 234 3088 utriusque
265 3014 365 3068 autem
394 3003 509 3088 speeies
537 3003 648 3077 multae
678 3003 860 3087 variaeque,
894 3006 932 3068 ad
962 3010 1181 3093 agnoscendum

78 3107 155 3169 haud
176 3107 299 3190 perinde
327 3105 443 3170 faciles.
499 3105 597 3170 Priori
626 3105 731 3189 generi
758 3108 892 3191 subjecta
920 3120 1010 3185 sunt,
1040 3131 1115 3194 quae
1136 3109 1183 3173 rei

77 3209 262 3292 significatae
283 3207 334 3275 vel
356 3207 445 3278 unice
467 3206 518 3272 vel
539 3227 611 3290 prae
634 3208 743 3272 ceteris
766 3209 962 3286 conveniunt,
985 3212 1111 3296 primum
1128 3209 1182 3274 hu·

77 3331 233 3375 manarum
247 3311 398 3379 actionum
415 3309 569 3405 vocalrula,
593 3302 746 3402 γεωργός,
768 3303 924 3400 κυνηγός,
945 3307 1089 3401 γαμετή,
1107 3333 1182 3394 quae

77 3413 177 3476 addito
203 3413 389 3480 substantivo
417 3411 511 3477 nihilo
542 3411 671 3478 clariora
700 3412 776 3484 liunt
804 3435 890 3498 quam
917 3417 1047 3498 omiss03
1078 3413 1182 3479 deinde

78 3515 189 3594 omnia,
215 3536 290 3599 quae
313 3517 348 3580 de
374 3535 436 3580 una
463 3513 666 3579 tantummodo
697 3537 732 3580 re
760 3516 925 3600 praedicari
947 3528 1094 3604 possunt,
1122 3517 1182 3600 pri-

76 3638 160 3680 mum
181 3618 345 3682 masculina
365 3616 560 3707 λυχνοῦχος,
583 3609 798 3704 χειμοὶῥρους,
819 3619 1000 3705 θεμέλιος,
1023 3610 1183 3705 replaced-

76 3743 137 3792 κος
156 3719 223 3784 Nic.
247 3719 338 3784 Ther.
364 3717 436 3787 142.
463 3714 643 3807 πτερωτός,
664 3721 845 3806 squamiger,
872 3714 1028 3807 laniger¹)',
1054 3729 1116 3784 tum
1138 3723 1181 3784 se·

150 3937 176 4000 1)
194 3936 221 3987 lu
239 3935 343 3991 Maximi
363 3937 483 3993 Catarclr.
503 3908 530 3992 v..
548 3939 608 3996 327.
627 3936 662 4010 ἢν
679 3941 731 4009 μὲν
748 3940 778 4012 t'p
795 3935 896 3994 aaudiat
920 3931 977 4004 μετ’
995 3929 1124 3992 aioudnco
1135 3929 1183 4011 ἐς·
