2534 4492
42 247 45 252 ¹
82 163 155 233 aaa
222 258 224 262 Ι
439 155 752 255 nussnnuorro
780 156 818 221 v.

84 322 197 388 minima
224 317 250 406 η’
273 313 530 409 αἀθεμοαργός,
551 309 825 405 ἦτετρεέκακλος,
855 313 1180 408 ἦλιβααωταφόρος,

82 423 106 512 ἠ
124 418 272 512 τριήρης,
296 424 439 501 νοΙιιεεὶε,
463 424 561 487 lanata
583 422 623 484 cf.
640 419 784 505 Aglaopb.
809 421 844 485 T.
860 421 884 486 Ι.
901 421 976 487 847.
1022 423 1102 487 Haec
1124 424 1180 509 igi-

83 539 145 607 tur,
169 527 239 612 quia
260 526 306 591 rei
329 539 428 591 notam
450 524 592 610 quandam
618 523 823 586 demonstrant
851 525 925 588 nulli
953 526 1004 589 alii
1035 527 1082 590 rei
1111 549 1182 591 con·

83 630 268 705 venientem,
291 629 499 713 intelliguntur
520 646 573 709 per
594 645 627 687 se
649 625 712 708 ipsa
733 626 830 690 abdito
847 629 1023 711 pracsertim
1039 629 1180 694 articulo.

82 731 128 796 Ac
150 732 177 796 si
199 733 264 816 quis
287 753 394 795 nomeu
416 748 531 814 quoquc
559 724 577 791 ὁ
601 726 795 813 Κορίνθιος
817 732 945 795 audierit
966 732 1050 795 nullo
1076 731 1181 816 adjun-

83 843 132 898 cto
154 832 225 910 alio,
249 834 396 897 bominem
418 832 500 916 prius
525 851 611 913 quam
640 830 719 894 aliud
741 833 809 916 quid
838 834 1017 917 cogitatione
1047 855 1180 919 compre·

82 935 204 1013 beudet,
228 937 294 1023 quia
315 936 397 999 nulla
417 933 501 996 nobis
523 933 711 1016 praesentior
732 934 825 1013 notio,
850 946 881 1000 et
902 936 928 1007 si
950 937 1093 1000 feminina
1105 937 1183 1006 Λα-

80 1034 218 1124 αωαική,
242 1035 386 1122 tippula,
408 1031 622 1122 Ἁναααδρία,
645 1036 861 1115 Πιτυοῦσσα,
885 1041 1070 1124 potissimum
1084 1041 1119 1103 de
1134 1061 1184 1103 re·

81 1142 217 1225 gionibus
240 1139 390 1224 cogitabit,
413 1160 485 1222 quas
507 1138 735 1229 usitatissimum
763 1144 810 1204 e'st
833 1141 940 1207 veleb
963 1141 1069 1205 incolis
1091 1141 1183 1205 deno·

79 1243 188 1308 minari
210 1243 260 1308 vel
280 1243 316 1306 ab
338 1243 412 1305 urbe
433 1241 589 1326 principali
611 1241 661 1307 vel
682 1262 700 1309 a
721 1229 914 1327 proventibus
935 1244 1033 1308 aliave
1050 1245 1183 1329 proprie*

80 1354 142 1409 tate
168 1345 236 1409 soli.
280 1343 414 1408 Alterius
436 1345 556 1429 geuerIs
584 1346 698 1428 species
726 1346 892 1430 plurimae,
924 1350 1059 1412 omnibus
1082 1359 1182 1412 autem

80 1447 137 1510 boc
160 1467 314 1509 commuue
337 1456 403 1523 cst,
430 1447 507 1531 quod
535 1448 567 1512 iu
595 1448 669 1513 alias
696 1460 785 1534 atquc
812 1450 886 1515 alias
917 1472 967 1515 res
996 1452 1182 1515 accomodari

79 1559 205 1633 possunt
226 1568 322 1631 neque
343 1548 554 1633 intelliguntur
585 1551 644 1614 nisi
674 1571 715 1616 ex
737 1549 895 1636 complexu
921 1553 1091 1621 verborum.
1137 1552 1182 1620 Ita

77 1644 214 1729 θασιος,
236 1644 359 1736 σάμιος
380 1662 411 1715 et
433 1661 533 1717 cetera
555 1653 665 1737 topica,
688 1655 770 1717 nullo
793 1656 860 1717 dum
882 1654 941 1718 alio
963 1658 1056 1719 verbo
1071 1655 1181 1736 addito,

78 1765 113 1817 ut
132 1754 170 1816 ad
192 1753 340 1818 homiuem
361 1757 526 1821 referamus
549 1756 612 1840 ipsa
634 1768 741 1821 natura
766 1757 812 1821 rei
833 1757 983 1835 admonet,
1007 1758 1056 1820 scd
1074 1757 1099 1821 si
1116 1759 1182 1841 quis

77 1853 129 1919 rel
149 1854 201 1919 illo
223 1857 344 1922 nomine
364 1859 481 1936 vinum,
504 1861 555 1925 vel
578 1859 634 1922 boc
658 1859 823 1943 placentam
845 1859 1016 1943 significare
1035 1858 1180 1937 volucrit,

76 1978 150 2042 opus
178 1970 225 2022 est
248 1959 313 2023 aliis
346 1982 420 2044 quac
442 1961 547 2036 barum
578 1983 680 2027 rerum
704 1963 916 2047 cogitationem
939 1961 1091 2038 excitent,
1123 1961 1180 2026 boc

78 2070 126 2124 est
140 2061 269 2137 bibendi,
293 2063 398 2126 edendi
420 2064 624 2148 similibusque
649 2065 1043 2149 verbis‚-quemadmodum‚
1066 2064 1092 2130 si
1110 2065 1182 2128 dici·

77 2174 129 2228 tur
148 2155 278 2232 θεῖσιοα
303 2169 422 2255 ἐγχεῖν.
450 2170 545 2233 ἔπινε
557 2161 680 2246 πολύν,
707 2165 829 2236 δικάσω
846 2184 888 2217 ’-
903 2171 997 2236 ἰθεῖα
1012 2163 1075 2256 γαρ
1088 2170 1183 2234 ἔσται

78 2264 114 2331 II.
136 2267 252 2332 XXIII.
277 2266 351 2333 580.
375 2269 420 2334 rei
441 2271 523 2334 notio
546 2293 587 2336 ex
608 2273 701 2338 verbo
722 2273 849 2357 patescit
870 2284 901 2337 et
923 2271 1052 2336 nominis
1068 2291 1181 2354 gauere

77 2371 283 2454 grammatico.
334 2372 487 2457 Ejusmodi
514 2385 613 2439 autem
642 2375 820 2440 adminiculo
848 2376 999 2447 subtracto
1032 2371 1179 2457 adjectiva

76 2472 184 2537 localia
205 2496 265 2538 uon
288 2476 387 2539 minus
409 2497 485 2561 vaga
507 2487 537 2540 et
561 2477 713 2542 indefinita
735 2489 817 2554 sunt,
841 2496 928 2560 quam
951 2475 1099 2561 quaelibet
1120 2473 1180 2537 alia

77 2574 217 2660 epitheta,
239 2579 298 2642 nisi
326 2580 403 2662 quod
431 2579 464 2640 iu
494 2581 668 2645 universum
698 2581 809 2647 scimus
837 2579 969 2644 Graecos
998 2577 1179 2657 Latinosque

76 2676 107 2740 id
128 2679 204 2761 quod
227 2680 350 2762 quisque
372 2678 456 2743 Iocus
478 2680 620 2746 eximium
642 2681 743 2757 babet,
759 2683 795 2742 ab
811 2699 846 2743 eo
864 2679 931 2740 loco
946 2675 1095 2761 appellare
1110 2698 1180 2738 con-

81 2882 289 2896 m

76 3020 168 3083 νειοῖο,
186 3017 348 3071 scribendum
372 3027 413 3072 cst
436 3015 567 3089 εὐπόκαυ,
593 3016 801 3089 quemadmodum
823 3016 904 3070 Poeta
926 3018 958 3069 rie
983 3018 1049 3083 sign.
1070 3019 1133 3069 coel.
1153 3021 1179 3069 in

76 3105 156 3158 tntu.
175 3105 235 3157 Lat.
253 3107 283 3158 L.
304 3105 337 3158 V.
356 3107 403 3174 Ep.
422 3109 466 3161 to.
489 3108 667 3175 squammeus
680 3109 769 3172 pisces
784 3105 926 3157 nominavit
938 3121 990 3166 cos,
1012 3105 1055 3171 qui
1071 3105 1097 3155 iu
1111 3106 1180 3155 coelo

78 3199 141 3244 suut
164 3194 298 3256 collocati,
325 3201 352 3245 ct
374 3193 496 3247 Manilius
514 3192 558 3247 IV.
579 3191 638 3245 ⁷44.
665 3192 770 3259 laniger
792 3195 820 3242 in
843 3192 928 3243 modio
947 3194 1064 3242 scrutur
1091 3190 1182 3241 sidero

77 3279 185 3331 mundo.
223 3278 284 3332 Pari
300 3281 405 3333 licentia
423 3270 540 3335 Oceanus
559 3279 622 3338 deus
640 3273 779 3350 αἷψόῤῥααε
795 3286 914 3340 vocatur,
934 3277 1023 3329 Tellus
1043 3277 1090 3328 dea
1106 3291 1121 3328 a
1136 3276 1180 3328 Sc·

76 3366 135 3417 lone
151 3362 268 3434 μέλαινα
285 3373 312 3417 et
336 3367 362 3418 iu
381 3368 484 3419 oraculo
508 3365 592 3417 SohoI.
612 3363 694 3417 Arist.
713 3364 795 3416 itanu.
817 3363 891 3421 taut.
911 3355 1100 3433 μελάμφυλλοε
1117 3362 1179 3412 dici-

78 3457 131 3503 tur.
168 3450 306 3504 Contraria
323 3455 424 3507 ratione
442 3452 571 3522 epitheton
590 3467 606 3513 a
622 3467 732 3519 persona
750 3450 781 3503 aci
800 3467 853 3502 rem
871 3448 1031 3501 transfertur
1048 3449 1074 3499 iu
1083 3448 1178 3499 Herod.

78 3535 113 3588 V.
131 3536 203 3590 Hom.
223 3555 246 3591 c.
265 3538 312 3592 IX.
340 3542 371 3594 ct*
385 3530 512 3610 Σμύρνην
528 3534 662 3605 {protecta
681 3535 777 3606 κούρην
793 3541 896 3600 ναίετε,
920 3532 1180 3588 attenuatam.

77 3620 150 3677 ἔνθα
166 3619 237 3679 ποθ’
256 3621 342 3697 α’γααὶε
356 3622 489 3696 Horatiae
505 3620 610 3693 toycam
629 3619 737 3686 ξανθαα
755 3618 904 3692 Ἁρμονίαν
922 3619 1066 3694 φυτεῦσαι,
1097 3619 1123 3669 id
1142 3626 1183 3670 est

78 3709 210 3781 μουσικήν
229 3714 285 3765 sivo
302 3709 432 3767 παιδείαν
447 3709 584 3766 ε’νοικίααε.
618 3710 656 3763 De
674 3711 788 3777 epitheto
811 3707 902 3778 ξανθή
922 3710 988 3777 quob
1011 3709 1074 3759 uicit
1097 3708 1182 3759 Elms·

78 3794 161 3859 lejus,
180 3798 305 3851 refellunt
322 3799 455 3866 superiora
472 3784 596 3864 exempla,
617 3798 647 3848 dc
665 3797 758 3864 quibus
776 3797 862 3848 dicere
878 3798 941 3848 licet
954 3795 1019 3862 quod
1033 3795 1118 3852 Scbol,
1134 3795 1181 3846 Or.

78 3880 138 3934 980.
157 3879 193 3936 roi
208 3881 306 3954 φυσικαὶ
322 3884 526 3952 ταῒεμυθεκαῒε
539 3887 731 3952 carenacum
745 3868 899 3954 Εὐριπίδης.
937 3881 972 3934 Et
984 3896 1108 3949 quaenam
1123 3886 1181 3931 tan·

78 3969 134 4021 dem
152 3970 198 4020 illa
214 3970 353 4022 Harmonia
370 3971 437 4033 erit,
462 3985 528 4038 quac
550 3970 652 4038 proprie
675 3976 796 4036 tauquam
820 3983 928 4036 persona
951 3967 1075 4036 appellari
1099 3968 1181 4033 possit

78 4052 190 4119 tuaest
222 4043 316 4109 biantis
333 4063 405 4110 certe
421 4056 476 4110 filia
496 4057 528 4109 ab
543 4059 590 4110 boc
606 4056 661 4108 loco
679 4056 844 4108 alienissima.
