2534 4492
63 194 380 271 decantatorum
399 184 708 265 tnucrtttonuu
724 189 779 257 Al)
801 188 911 256 SOPH.
933 188 1099 257 attens.

108 402 170 451 nen
195 398 316 464 possum
343 377 548 440 demonstrare
577 382 734 457 poetarum
760 371 1010 455 antiquorum
1028 370 1165 455 ¹aliquem

107 485 224 566 αἴθοψ
246 501 267 545 o
293 499 417 563 corpore
446 478 483 542 ad
513 475 646 541 animum
674 474 879 550 transtulisse,
907 494 1006 559 neque
1036 473 1090 537 ille
1116 476 1166 538 de·

108 582 291 651 monstravit
316 571 431 649 αἰθοίν
458 589 511 644 aut
538 575 636 643 simile
665 578 845 663 adjectivum
864 578 1000 642 vocalem
1022 576 1055 639 in
1078 576 1166 641 decli-

109 697 182 753 natu
202 683 372 769 corripere3
395 704 464 746 nanu
485 682 521 744 de
543 680 672 744 Hesiodo
693 703 777 745 mera
799 681 972 765 conjectura
993 690 1053 744 est.
1081 678 1168 744 'tbhi

85 838 88 843 -
108 799 209 856 autem
229 786 323 851 multo
346 785 516 849 credibilior
536 785 657 849 videtur
673 783 812 849 vocabuli
826 784 889 848 rari
902 794 933 847 et
947 782 1057 867 poetici
1071 791 1168 847 trans·

107 891 181 957 latio
202 889 324 953 minime
345 889 548 953 inverecunda
579 909 666 972 quarn
687 888 830 973 regulae,
860 908 946 972 quam
969 884 1119 970 adjectiva
1137 885 1169 948 in

108 980 159 1063 ὗν
179 991 324 1057 exeuntia
344 1001 511 1074 sequuntur
531 992 568 1055 ad
590 996 683 1055 unum
704 991 822 1070 omnia,
847 989 981 1054 inaudita
1002 999 1171 1072 transgres-

108 1095 202 1181 οἰῶ),
227 1116 316 1179 quum
338 1094 515 1178 pracsertim
537 1095 653 1180 ωἴθοψ
676 1104 759 1157 certe
779 1095 854 1178 opud
876 1093 1060 1179 posteriores
1077 1090 1170 1155 Grae·

109 1210 161 1263 eos
191 1195 272 1261 bunc
299 1194 486 1259 intellectum
513 1195 638 1273 habeat,
672 1192 881 1282 νολοωνωπης
911 1194 987 1279 apud
1017 1193 1168 1277 antiquos.

107 1295 231 1385 Πρίων
261 1297 377 1361 fabrum
404 1297 564 1383 tignarium
592 1299 764 1384 significare
788 1319 938 1382 nunqnam
968 1295 1106 1380 probabit
1121 1295 1254 1359 vir·-

111 1402 233 1476 doctus3
256 1398 290 1463 in
310 1400 404 1464 Arist.
430 1401 521 1486 Vesp.
545 1398 621 1466 694.
653 1399 696 1476 uic
718 1399 839 1489 πρίων
862 1398 880 1467 ὁ
901 1404 969 1487 μὲν
991 1394 1117 1465 &butri
1140 1396 1251 1464 δ”

108 1496 326 1583 ἀντενέδωκε,
354 1511 390 1567 ut
409 1501 582 1569 Dindorllus
604 1504 726 1589 scripsit
744 1527 800 1590 pro
824 1503 946 1590 πρίων,
978 1523 1100 1567 serram
1122 1501 1251 1564 de—

109 1605 210 1669 notari
237 1604 320 1669 nullo
342 1605 435 1669 verbo
463 1606 594 1671 indicavi
624 1607 803 1692 minimeque
824 1608 1064 1672 emendationem
1083 1605 1250 1668 istan-

110 1707 246 1793 probavi,
270 1709 323 1771 scd
346 1703 389 1781 cic
409 1705 520 1796 πρίων
541 1709 654 1773 retinui
679 1711 895 1775 nominativum
915 1709 1061 1796 participii
1083 1726 1249 1794 quos=

111 1828 233 1875 emam
254 1808 381 1874 dcccco.
426 1809 556 1875 Perinde
578 1810 653 1875 falsa
679 1815 811 1878 arbitror
832 1834 908 1899 quoe
929 1815 965 1876 de
987 1810 1085 1876 Pbotii
1107 1810 1247 1874 loct:

111 1912 241 1998 disputat
269 1933 366 1977 meam
395 1912 678 2000 interpretationem
706 1916 882 2003 impugnans
912 1916 959 1979 bis
988 1913 1154 1979 rationibus
1234 1939 1242 1978 ε

81 2011 196 2080 -.Εο’ωο
213 2014 316 2081 solede
336 2013 528 2101 Erbltrung
552 2018 597 2080 ist
620 2016 777 2081 ducebam
795 2019 883 2081 ωἰοΙιτ
904 2019 1072 2102 πνίὰὲνωζρς
1093 2014 1240 2080 denam

110 2117 298 2203 ecrlongten
321 2115 372 2179 die
393 2115 625 2182 Grammatilecr
647 2119 762 2183 ω’ωωωῐ
776 2119 849 2204 fiir·
865 2119 923 2183 dos
941 2119 1235 2184 substantivum

111 2212 236 2307 πρίων,
268 2216 333 2283 die
357 2216 477 2304 Sd'ge,
507 2220 574 2283 eine
594 2218 694 2284 andro
715 2221 950 2287 Acccntucticn
970 2222 1018 2284 clv
1030 2220 1100 2305 sttr
1120 2219 1232 2284 dizo

111 2318 205 2386 Part.
220 2343 250 2385 o.
263 2318 367 2408 πρίω,
387 2342 423 2384 co
443 2331 560 2385 moeste
577 2320 661 2386 diosc
674 2322 904 2391 Acrentoation
926 2324 1003 2387 ortcb
1017 2322 1148 2408 [ἐννοίας
1164 2345 1226 2386 e·

103 2422 209 2508 fitbrt
225 2424 360 2501 werden,
384 2424 458 2487 lices
475 2423 543 2486 sict
558 2423 634 2487 abac·
649 2426 739 2490 rricdt
750 2426 882 2512 acsden
895 2424 989 2501 Νωω.
1004 2422 1101 2509 Sing.
1129 2423 1216 2497 ke·

112 2526 300 2593 iatronicen.
344 2524 387 2591 At
419 2548 482 2590 non
511 2548 585 2612 opus
613 2539 680 2593 erat
706 2528 762 2593 hac
792 2528 979 2593 distinetione
1004 2526 1044 2589 in.
1065 2524 1208 2590 ceteris

115 2631 246 2705 casibus,
275 2629 344 2713 quia
365 2629 551 2713 participium
572 2617 672 2714 per-e
690 2631 857 2695 declinatur
878 2630 1018 2712 solusque
1040 2628 1198 2692 nomina-

114 2730 197 2795 tivus
226 2730 306 2814 sing.
338 2731 494 2813 ambiguus
518 2741 577 2794 est.
621 2732 691 2796 Das
716 2735 968 2799 allcracltvomstc
991 2731 1069 2794 odor
1094 2732 1188 2794 roure

116 2829 192 2897 dass
217 2829 348 2895 Plautius
376 2832 424 2895 ao
451 2830 571 2896 Beroerb
600 2831 717 2918 doside,
745 2836 820 2900 dass
846 2835 929 2901 diosc
946 2832 1082 2899 Acuent.
1108 2828 1177 2896 sich
1264 2898 1267 2923 Ι

115 2932 205 2998 nicbt
222 2933 304 2998 curli
325 2932 393 3019 auf
407 2934 457 2999 dr'c
473 2933 593 2999 andam
609 2934 709 3001 Cocus
733 2938 913 3013 erctrcclce,'
924 2940 991 3001 eine
1005 2936 1101 3001 stete
1118 2932 1171 2996 des

116 3033 274 3103 deminus
287 3036 428 3115 οωνὶοίιο,
445 3036 486 3102 do
499 3037 577 3102 decb
591 3039 675 3103 diere
688 3039 859 3124 wederstt'r
869 3039 948 3103 necle
959 3039 1059 3103 wider
1068 3036 1168 3101 boa-

115 3160 173 3205 cca
197 3137 294 3204 donn.
339 3139 402 3204 lmo
430 3142 534 3227 probat
559 3140 608 3206 ltie
635 3142 719 3206 locus
740 3151 860 3205 vetusta
881 3152 913 3205 et
934 3141 1037 3205 limata
1060 3138 1166 3205 Cratini

118 3240 303 3326 exemplaria
324 3253 600 3330 proparoxytonnm
622 3242 806 3331 praebuisse
836 3244 865 3307 id
888 3245 964 3329 quod
987 3242 1111 3307 Photius
1131 3242 1167 3307 al·

116 3345 201 3411 l'erre
222 3354 340 3428 poterat
360 3355 500 3431 tanquam
520 3348 634 3432 antiqui
650 3347 841 3413 Grammatici
863 3346 1078 3433 praejudicinm
1100 3345 1169 3411 siunt

119 3446 227 3533 Etym
253 3446 294 3510 M.
318 3469 347 3532 p.
371 3448 446 3516 470.
471 3448 524 3514 35.
556 3453 666 3519 ’ίκτννω
693 3444 844 3518 Πλάτων
872 3439 1170 3537 προπαροξυτόνως

117 3548 207 3638 λέγει
227 3560 287 3614 etc.
324 3549 369 3614 Ae
389 3552 458 3618 fieri
477 3565 577 3642 potest
597 3566 631 3618 ut
651 3553 773 3619 Photios
791 3553 907 3620 Cratini
928 3550 1105 3619 testimonio
1123 3550 1172 3617 ali-

75 3702 287 3725 m-

148 3825 170 3892 ·)
198 3823 250 3876 Dic
267 3822 449 3890 Abwciebong
466 3824 604 3894 (αἴθωνος)
627 3825 721 3895 inquit,
746 3825 818 3879 wird
832 3825 919 3878 dorcic
935 3824 978 3877 die
995 3824 1176 3915 Eigpmtcm

79 3909 175 3965 Αἴσων
196 3909 253 3963 und
268 3912 366 3978 Νέρων
386 3911 604 3980 gcrccbtsertt'gt.
639 3908 706 3965 llum
729 3929 792 3967 vero
812 3929 859 3981 pro
878 3913 1001 3981 μείζονος
1023 3912 1076 3967 dici
1096 3920 1179 3982 potest

79 3990 418 4147 ffiwmm'pugwm’
430 3990 580 4063 Ῥίζωνοσῗ
597 3998 756 4055 volutemur
770 4000 832 4069 quir
843 4000 965 4056 Alwvcti
980 4014 1042 4055 nun
1055 4014 1073 4054 ο
1085 4000 1180 4068 effugi

155 4092 174 4133 0
239 4086 288 4136 eut·
