<?xml version="1.0" encoding="UTF-8"?>
<!DOCTYPE html PUBLIC "-//W3C//DTD XHTML 1.0 Transitional//EN"
    "http://www.w3.org/TR/xhtml1/DTD/xhtml1-transitional.dtd">
<html xmlns="http://www.w3.org/1999/xhtml" xml:lang="en" lang="en">
 <head>
  <title>
</title>
<meta http-equiv="Content-Type" content="text/html;charset=utf-8" />
  <meta name='ocr-system' content='tesseract 3.04.00' />
  <meta name='ocr-capabilities' content='ocr_page ocr_carea ocr_par ocr_line ocrx_word'/>
</head>
<body>
  <div class='ocr_page' id='page_1' title='image "./paralipomenagra01lobegoog_0024.png"; bbox 0 0 2534 4492; ppageno 0'>
   <div class='ocr_carea' id='block_1_1' title="bbox 28 120 1167 231">
    <p class='ocr_par' dir='ltr' id='par_1_1' title="bbox 28 120 1167 231">
     <span class='ocr_line' id='line_1_1' title="bbox 28 120 1167 231; baseline 0.004 -21"><span class='ocrx_word' id='word_1_1' title='bbox 28 120 30 125; x_wconf 67' lang='grc'><strong>“</strong></span> <span class='ocrx_word' id='word_1_2' title='bbox 117 141 318 212; x_wconf 84' lang='lat' dir='ltr'><strong>naucum.</strong></span> <span class='ocrx_word' id='word_1_3' title='bbox 332 140 489 211; x_wconf 84' lang='lat' dir='ltr'><strong>aomar.</strong></span> <span class='ocrx_word' id='word_1_4' title='bbox 505 142 558 209; x_wconf 86' lang='lat' dir='ltr'><strong>ur</strong></span> <span class='ocrx_word' id='word_1_5' title='bbox 572 141 699 209; x_wconf 85' lang='lat' dir='ltr'><strong>suasu.</strong></span> <span class='ocrx_word' id='word_1_6' title='bbox 716 143 808 211; x_wconf 83' lang='lat' dir='ltr'><strong>oua.</strong></span> <span class='ocrx_word' id='word_1_7' title='bbox 823 142 958 211; x_wconf 81' lang='lat' dir='ltr'><strong>anaia.</strong></span> <span class='ocrx_word' id='word_1_8' title='bbox 974 146 1051 231; x_wconf 73' lang='lat' dir='ltr'><strong>aa.</strong></span> <span class='ocrx_word' id='word_1_9' title='bbox 1096 146 1167 215; x_wconf 82' lang='lat' dir='ltr'><strong>aaa</strong></span> 
     </span>
    </p>
   </div>
   <div class='ocr_carea' id='block_1_2' title="bbox 10 319 1171 2253">
    <p class='ocr_par' dir='ltr' id='par_1_2' title="bbox 10 319 1171 2253">
     <span class='ocr_line' id='line_1_2' title="bbox 58 319 1167 413; baseline 0.001 -25"><span class='ocrx_word' id='word_1_10' title='bbox 58 322 135 388; x_wconf 92' lang='grc'><strong>317.</strong></span> <span class='ocrx_word' id='word_1_11' title='bbox 157 324 193 388; x_wconf 85' lang='lat' dir='ltr'><strong>C.</strong></span> <span class='ocrx_word' id='word_1_12' title='bbox 219 321 325 388; x_wconf 87' lang='lat' dir='ltr'><strong>Galen.</strong></span> <span class='ocrx_word' id='word_1_13' title='bbox 345 322 428 413; x_wconf 62' lang='lat' dir='ltr'><strong>Eup.</strong></span> <span class='ocrx_word' id='word_1_14' title='bbox 444 320 483 386; x_wconf 92' lang='lat' dir='ltr'><strong>ll.</strong></span> <span class='ocrx_word' id='word_1_15' title='bbox 508 320 546 397; x_wconf 84' lang='lat'><strong>3,</strong></span> <span class='ocrx_word' id='word_1_16' title='bbox 571 319 647 386; x_wconf 91' lang='grc'><strong>393.</strong></span> <span class='ocrx_word' id='word_1_17' title='bbox 672 333 730 386; x_wconf 92' lang='lat' dir='ltr'><strong>etc.</strong></span> <span class='ocrx_word' id='word_1_18' title='bbox 746 324 793 408; x_wconf 84' lang='lat'><strong>2³)</strong></span> <span class='ocrx_word' id='word_1_19' title='bbox 831 325 904 389; x_wconf 86' lang='lat' dir='ltr'><strong>Post</strong></span> <span class='ocrx_word' id='word_1_20' title='bbox 924 334 969 388; x_wconf 90' lang='lat' dir='ltr'><strong>tot</strong></span> <span class='ocrx_word' id='word_1_21' title='bbox 989 334 1091 389; x_wconf 91' lang='lat' dir='ltr'><strong>autem</strong></span> <span class='ocrx_word' id='word_1_22' title='bbox 1113 345 1167 389; x_wconf 88' lang='lat' dir='ltr'><strong>cx-</strong></span> 
     </span>
     <span class='ocr_line' id='line_1_3' title="bbox 60 424 1165 513; baseline 0 -22"><span class='ocrx_word' id='word_1_23' title='bbox 60 426 157 511; x_wconf 92' lang='lat' dir='ltr'><strong>empla</strong></span> <span class='ocrx_word' id='word_1_24' title='bbox 174 426 239 510; x_wconf 87' lang='lat' dir='ltr'><strong>quis</strong></span> <span class='ocrx_word' id='word_1_25' title='bbox 258 427 447 491; x_wconf 74' lang='lat' dir='ltr'>cunctabitur</span> <span class='ocrx_word' id='word_1_26' title='bbox 464 444 575 488; x_wconf 90' lang='lat' dir='ltr'><strong>nomen</strong></span> <span class='ocrx_word' id='word_1_27' title='bbox 592 424 711 489; x_wconf 89' lang='lat' dir='ltr'><strong>arboris</strong></span> <span class='ocrx_word' id='word_1_28' title='bbox 727 426 849 512; x_wconf 84' lang='grc' dir='ltr'><strong><em>κρανία</em></strong></span> <span class='ocrx_word' id='word_1_29' title='bbox 864 437 1002 513; x_wconf 86' lang='lat' dir='ltr'><strong>repetere</strong></span> <span class='ocrx_word' id='word_1_30' title='bbox 1019 427 1165 503; x_wconf 83' lang='lat' dir='ltr'><strong>aiructu,</strong></span> 
     </span>
     <span class='ocr_line' id='line_1_4' title="bbox 58 520 1167 615; baseline 0.002 -24"><span class='ocrx_word' id='word_1_31' title='bbox 58 528 112 612; x_wconf 91' lang='lat' dir='ltr'><strong>qui</strong></span> <span class='ocrx_word' id='word_1_32' title='bbox 133 520 255 614; x_wconf 89' lang='grc' dir='ltr'><strong><em>κροίνος</em></strong></span> <span class='ocrx_word' id='word_1_33' title='bbox 271 521 426 593; x_wconf 75' lang='lat' dir='ltr'><strong>bocaturi</strong></span> <span class='ocrx_word' id='word_1_34' title='bbox 455 528 536 591; x_wconf 89' lang='lat' dir='ltr'><strong>unde</strong></span> <span class='ocrx_word' id='word_1_35' title='bbox 557 539 660 604; x_wconf 90' lang='lat' dir='ltr'><strong>recta,</strong></span> <span class='ocrx_word' id='word_1_36' title='bbox 689 539 724 592; x_wconf 89' lang='lat' dir='ltr'><strong>ut</strong></span> <span class='ocrx_word' id='word_1_37' title='bbox 745 528 869 605; x_wconf 90' lang='lat' dir='ltr'><strong>dicitur,</strong></span> <span class='ocrx_word' id='word_1_38' title='bbox 896 529 947 594; x_wconf 84' lang='lat' dir='ltr'><strong>via</strong></span> <span class='ocrx_word' id='word_1_39' title='bbox 968 527 1167 615; x_wconf 83' lang='lat' dir='ltr'><strong>proficiscitur</strong></span> 
     </span>
     <span class='ocr_line' id='line_1_5' title="bbox 57 624 1166 717; baseline 0 -20"><span class='ocrx_word' id='word_1_40' title='bbox 57 631 238 716; x_wconf 70' lang='lat' dir='ltr'><strong>adjectivum</strong></span> <span class='ocrx_word' id='word_1_41' title='bbox 261 624 434 717; x_wconf 84' lang='grc' dir='ltr'><strong><em>κροίνειος,</em></strong></span> <span class='ocrx_word' id='word_1_42' title='bbox 470 630 554 714; x_wconf 88' lang='lat' dir='ltr'><strong>cujus</strong></span> <span class='ocrx_word' id='word_1_43' title='bbox 579 630 756 694; x_wconf 85' lang='lat' dir='ltr'><strong>femininum</strong></span> <span class='ocrx_word' id='word_1_44' title='bbox 782 650 920 695; x_wconf 76' lang='lat' dir='ltr'><strong>maneam</strong></span> <span class='ocrx_word' id='word_1_45' title='bbox 945 632 1011 696; x_wconf 89' lang='lat' dir='ltr'><strong>sive</strong></span> <span class='ocrx_word' id='word_1_46' title='bbox 1036 631 1166 697; x_wconf 86' lang='lat' dir='ltr'><strong>corniie·</strong></span> 
     </span>
     <span class='ocr_line' id='line_1_6' title="bbox 56 732 1165 821; baseline 0.004 -24"><span class='ocrx_word' id='word_1_47' title='bbox 56 755 123 797; x_wconf 89' lang='lat' dir='ltr'><strong>ram</strong></span> <span class='ocrx_word' id='word_1_48' title='bbox 145 734 337 817; x_wconf 82' lang='lat' dir='ltr'><strong>significare,</strong></span> <span class='ocrx_word' id='word_1_49' title='bbox 368 734 395 797; x_wconf 90' lang='lat' dir='ltr'><strong>si</strong></span> <span class='ocrx_word' id='word_1_50' title='bbox 416 754 470 816; x_wconf 88' lang='lat' dir='ltr'><strong>pro</strong></span> <span class='ocrx_word' id='word_1_51' title='bbox 491 734 677 798; x_wconf 86' lang='lat' dir='ltr'><strong>substantivo</strong></span> <span class='ocrx_word' id='word_1_52' title='bbox 701 733 802 808; x_wconf 87' lang='lat' dir='ltr'><strong>valet,</strong></span> <span class='ocrx_word' id='word_1_53' title='bbox 834 733 919 796; x_wconf 91' lang='lat' dir='ltr'><strong>modo</strong></span> <span class='ocrx_word' id='word_1_54' title='bbox 942 732 1066 821; x_wconf 79' lang='grc' dir='ltr'><strong><em>κρανία</em></strong></span> <span class='ocrx_word' id='word_1_55' title='bbox 1091 733 1165 801; x_wconf 81' lang='lat' dir='ltr'><strong>scri-</strong></span> 
     </span>
     <span class='ocr_line' id='line_1_7' title="bbox 55 833 1165 920; baseline 0.002 -21"><span class='ocrx_word' id='word_1_56' title='bbox 55 835 139 899; x_wconf 87' lang='lat' dir='ltr'><strong>bitur</strong></span> <span class='ocrx_word' id='word_1_57' title='bbox 162 835 277 920; x_wconf 88' lang='lat' dir='ltr'><strong>Geopp.</strong></span> <span class='ocrx_word' id='word_1_58' title='bbox 302 835 346 897; x_wconf 90' lang='lat' dir='ltr'><strong>X.</strong></span> <span class='ocrx_word' id='word_1_59' title='bbox 370 833 431 911; x_wconf 88' lang='grc'><strong>87,</strong></span> <span class='ocrx_word' id='word_1_60' title='bbox 455 833 488 897; x_wconf 91' lang='grc'><strong>4.</strong></span> <span class='ocrx_word' id='word_1_61' title='bbox 520 836 624 913; x_wconf 92' lang='lat' dir='ltr'><strong>modo,</strong></span> <span class='ocrx_word' id='word_1_62' title='bbox 658 846 693 899; x_wconf 89' lang='lat' dir='ltr'><strong>ut</strong></span> <span class='ocrx_word' id='word_1_63' title='bbox 718 836 775 898; x_wconf 94' lang='lat' dir='ltr'><strong>hoc</strong></span> <span class='ocrx_word' id='word_1_64' title='bbox 803 834 868 899; x_wconf 91' lang='lat' dir='ltr'><strong>loco</strong></span> <span class='ocrx_word' id='word_1_65' title='bbox 897 835 979 898; x_wconf 89' lang='lat' dir='ltr'><strong>codd.</strong></span> <span class='ocrx_word' id='word_1_66' title='bbox 1009 837 1165 913; x_wconf 79' lang='lat' dir='ltr'><strong>exhibent,</strong></span> 
     </span>
     <span class='ocr_line' id='line_1_8' title="bbox 54 933 1163 1024; baseline -0.003 -21"><span class='ocrx_word' id='word_1_67' title='bbox 54 933 184 1024; x_wconf 79' lang='grc' dir='ltr'><strong><em>κρανία</em></strong></span> <span class='ocrx_word' id='word_1_68' title='bbox 206 936 348 1023; x_wconf 88' lang='lat' dir='ltr'><strong>Hippocr.</strong></span> <span class='ocrx_word' id='word_1_69' title='bbox 365 936 474 1001; x_wconf 86' lang='lat' dir='ltr'><strong>Mochl.</strong></span> <span class='ocrx_word' id='word_1_70' title='bbox 498 959 527 1023; x_wconf 92' lang='lat' dir='ltr'><strong>p.</strong></span> <span class='ocrx_word' id='word_1_71' title='bbox 546 936 620 1002; x_wconf 82' lang='lat'><strong>305.</strong></span> <span class='ocrx_word' id='word_1_72' title='bbox 643 937 679 1000; x_wconf 88' lang='lat' dir='ltr'><strong>T.</strong></span> <span class='ocrx_word' id='word_1_73' title='bbox 698 936 750 1000; x_wconf 92' lang='grc'><strong>111.</strong></span> <span class='ocrx_word' id='word_1_74' title='bbox 776 935 884 1001; x_wconf 88' lang='lat' dir='ltr'><strong>Galen.</strong></span> <span class='ocrx_word' id='word_1_75' title='bbox 910 937 947 999; x_wconf 92' lang='lat' dir='ltr'><strong>de</strong></span> <span class='ocrx_word' id='word_1_76' title='bbox 967 937 1066 1023; x_wconf 80' lang='lat' dir='ltr'><strong>Comp.</strong></span> <span class='ocrx_word' id='word_1_77' title='bbox 1084 939 1163 1003; x_wconf 90' lang='lat' dir='ltr'><strong>Med.</strong></span> 
     </span>
     <span class='ocr_line' id='line_1_9' title="bbox 54 1036 1164 1125; baseline 0.004 -24"><span class='ocrx_word' id='word_1_78' title='bbox 54 1060 87 1124; x_wconf 91' lang='lat' dir='ltr'><strong>p.</strong></span> <span class='ocrx_word' id='word_1_79' title='bbox 120 1038 210 1103; x_wconf 87' lang='lat' dir='ltr'><strong>Loco.</strong></span> <span class='ocrx_word' id='word_1_80' title='bbox 236 1036 287 1101; x_wconf 90' lang='lat' dir='ltr'><strong>Vl.</strong></span> <span class='ocrx_word' id='word_1_81' title='bbox 314 1037 352 1115; x_wconf 91' lang='grc'><strong>4,</strong></span> <span class='ocrx_word' id='word_1_82' title='bbox 379 1037 453 1104; x_wconf 82' lang='lat'><strong>921.</strong></span> <span class='ocrx_word' id='word_1_83' title='bbox 484 1040 521 1103; x_wconf 89' lang='grc' dir='ltr'><strong>Τ.</strong></span> <span class='ocrx_word' id='word_1_84' title='bbox 547 1038 618 1103; x_wconf 92' lang='lat' dir='ltr'><strong>Xll.</strong></span> <span class='ocrx_word' id='word_1_85' title='bbox 650 1041 685 1103; x_wconf 91' lang='lat' dir='ltr'><strong>de</strong></span> <span class='ocrx_word' id='word_1_86' title='bbox 709 1040 811 1125; x_wconf 85' lang='lat' dir='ltr'><strong>Temp.</strong></span> <span class='ocrx_word' id='word_1_87' title='bbox 838 1040 918 1104; x_wconf 90' lang='lat' dir='ltr'><strong>bled.</strong></span> <span class='ocrx_word' id='word_1_88' title='bbox 948 1036 1001 1101; x_wconf 84' lang='lat' dir='ltr'><strong>tv.</strong></span> <span class='ocrx_word' id='word_1_89' title='bbox 1030 1037 1068 1113; x_wconf 89' lang='lat'><strong>8,</strong></span> <span class='ocrx_word' id='word_1_90' title='bbox 1090 1038 1164 1105; x_wconf 88' lang='grc'><strong>648.</strong></span> 
     </span>
     <span class='ocr_line' id='line_1_10' title="bbox 56 1137 1164 1227; baseline -0.001 -22"><span class='ocrx_word' id='word_1_91' title='bbox 56 1141 93 1205; x_wconf 90' lang='grc' dir='ltr'><strong>Τ.</strong></span> <span class='ocrx_word' id='word_1_92' title='bbox 110 1139 170 1203; x_wconf 92' lang='lat' dir='ltr'><strong>Xl.</strong></span> <span class='ocrx_word' id='word_1_93' title='bbox 194 1142 230 1204; x_wconf 92' lang='lat' dir='ltr'><strong>dc</strong></span> <span class='ocrx_word' id='word_1_94' title='bbox 250 1140 355 1227; x_wconf 89' lang='lat' dir='ltr'><strong>Simpl.</strong></span> <span class='ocrx_word' id='word_1_95' title='bbox 372 1143 452 1206; x_wconf 81' lang='lat' dir='ltr'><strong>Med.</strong></span> <span class='ocrx_word' id='word_1_96' title='bbox 469 1142 535 1207; x_wconf 90' lang='lat' dir='ltr'><strong>VII.</strong></span> <span class='ocrx_word' id='word_1_97' title='bbox 554 1142 607 1208; x_wconf 88' lang='grc'><strong>46.</strong></span> <span class='ocrx_word' id='word_1_98' title='bbox 628 1164 656 1226; x_wconf 87' lang='lat' dir='ltr'><strong>p.</strong></span> <span class='ocrx_word' id='word_1_99' title='bbox 669 1142 730 1217; x_wconf 78' lang='grc'><strong>,41.</strong></span> <span class='ocrx_word' id='word_1_100' title='bbox 755 1144 838 1208; x_wconf 86' lang='lat' dir='ltr'><strong>Paul.</strong></span> <span class='ocrx_word' id='word_1_101' title='bbox 858 1143 934 1226; x_wconf 84' lang='lat' dir='ltr'><strong>Aeg.</strong></span> <span class='ocrx_word' id='word_1_102' title='bbox 952 1138 1019 1204; x_wconf 91' lang='lat' dir='ltr'><strong>Vll.</strong></span> <span class='ocrx_word' id='word_1_103' title='bbox 1040 1137 1072 1202; x_wconf 87' lang='grc'><strong>3.</strong></span> <span class='ocrx_word' id='word_1_104' title='bbox 1092 1138 1164 1207; x_wconf 76' lang='grc'><strong>342.</strong></span> 
     </span>
     <span class='ocr_line' id='line_1_11' title="bbox 58 1241 1169 1333; baseline -0.002 -26"><span class='ocrx_word' id='word_1_105' title='bbox 58 1243 196 1307; x_wconf 89' lang='lat' dir='ltr'><strong>Dioscor.</strong></span> <span class='ocrx_word' id='word_1_106' title='bbox 215 1243 288 1306; x_wconf 88' lang='lat' dir='ltr'><strong>Mat.</strong></span> <span class='ocrx_word' id='word_1_107' title='bbox 309 1242 333 1306; x_wconf 94' lang='lat' dir='ltr'><strong>l.</strong></span> <span class='ocrx_word' id='word_1_108' title='bbox 356 1242 430 1310; x_wconf 76' lang='lat'><strong>172.</strong></span> <span class='ocrx_word' id='word_1_109' title='bbox 454 1256 489 1309; x_wconf 89' lang='lat' dir='ltr'><strong>ut</strong></span> <span class='ocrx_word' id='word_1_110' title='bbox 509 1243 651 1332; x_wconf 81' lang='grc' dir='ltr'><strong><em>κερασία</em></strong></span> <span class='ocrx_word' id='word_1_111' title='bbox 672 1256 704 1309; x_wconf 87' lang='lat' dir='ltr'><strong>et</strong></span> <span class='ocrx_word' id='word_1_112' title='bbox 725 1244 876 1333; x_wconf 85' lang='grc' dir='ltr'><strong><em>κερατία,</em></strong></span> <span class='ocrx_word' id='word_1_113' title='bbox 898 1241 1051 1310; x_wconf 75' lang='grc' dir='ltr'><strong><em>κσίανέα</em></strong></span> <span class='ocrx_word' id='word_1_114' title='bbox 1074 1242 1169 1323; x_wconf 88' lang='lat' dir='ltr'><strong>(coto-</strong></span> 
     </span>
     <span class='ocr_line' id='line_1_12' title="bbox 60 1343 1169 1432; baseline 0 -23"><span class='ocrx_word' id='word_1_115' title='bbox 60 1343 130 1432; x_wconf 89' lang='lat' dir='ltr'><strong>nea)</strong></span> <span class='ocrx_word' id='word_1_116' title='bbox 153 1355 184 1410; x_wconf 93' lang='lat' dir='ltr'><strong>et</strong></span> <span class='ocrx_word' id='word_1_117' title='bbox 202 1343 423 1428; x_wconf 48' lang='lat' dir='ltr'><strong>abacelam),</strong></span> <span class='ocrx_word' id='word_1_118' title='bbox 445 1348 533 1410; x_wconf 92' lang='lat' dir='ltr'><strong>modo</strong></span> <span class='ocrx_word' id='word_1_119' title='bbox 556 1347 647 1411; x_wconf 91' lang='lat' dir='ltr'><strong>etiam</strong></span> <span class='ocrx_word' id='word_1_120' title='bbox 665 1349 919 1412; x_wconf 69' lang='lat' dir='ltr'><strong>substantivorum</strong></span> <span class='ocrx_word' id='word_1_121' title='bbox 940 1356 1098 1411; x_wconf 91' lang='lat' dir='ltr'><strong>accentum</strong></span> <span class='ocrx_word' id='word_1_122' title='bbox 1120 1364 1169 1409; x_wconf 87' lang='lat' dir='ltr'><strong>ac·</strong></span> 
     </span>
     <span class='ocr_line' id='line_1_13' title="bbox 61 1438 1167 1538; baseline -0.003 -26"><span class='ocrx_word' id='word_1_123' title='bbox 61 1448 141 1532; x_wconf 81' lang='lat' dir='ltr'><strong>cipit,</strong></span> <span class='ocrx_word' id='word_1_124' title='bbox 165 1439 304 1534; x_wconf 86' lang='grc' dir='ltr'><strong><em>κροίνεια</em></strong></span> <span class='ocrx_word' id='word_1_125' title='bbox 322 1440 630 1538; x_wconf 72' lang='grc' dir='ltr'><strong><em>προπαροξυτόνως</em></strong></span> <span class='ocrx_word' id='word_1_126' title='bbox 651 1445 690 1515; x_wconf 78' lang='grc' dir='ltr'><strong>τὸ</strong></span> <span class='ocrx_word' id='word_1_127' title='bbox 711 1441 821 1535; x_wconf 79' lang='grc' dir='ltr'><strong><em>φατόν</em></strong></span> <span class='ocrx_word' id='word_1_128' title='bbox 840 1448 939 1513; x_wconf 90' lang='lat' dir='ltr'><strong>Schol.</strong></span> <span class='ocrx_word' id='word_1_129' title='bbox 957 1438 1011 1512; x_wconf 84' lang='lat' dir='ltr'><strong>0&#39;a.</strong></span> <span class='ocrx_word' id='word_1_130' title='bbox 1027 1448 1073 1515; x_wconf 88' lang='grc' dir='ltr'><strong>Κ.</strong></span> <span class='ocrx_word' id='word_1_131' title='bbox 1088 1445 1167 1513; x_wconf 77' lang='grc'><strong>242.</strong></span> 
     </span>
     <span class='ocr_line' id='line_1_14' title="bbox 61 1548 1166 1637; baseline -0.001 -24"><span class='ocrx_word' id='word_1_132' title='bbox 61 1572 116 1634; x_wconf 90' lang='lat' dir='ltr'><strong>quo</strong></span> <span class='ocrx_word' id='word_1_133' title='bbox 145 1563 274 1616; x_wconf 90' lang='lat' dir='ltr'><strong>accentu</strong></span> <span class='ocrx_word' id='word_1_134' title='bbox 303 1564 351 1616; x_wconf 91' lang='lat' dir='ltr'><strong>est</strong></span> <span class='ocrx_word' id='word_1_135' title='bbox 380 1553 457 1636; x_wconf 91' lang='lat' dir='ltr'><strong>apud</strong></span> <span class='ocrx_word' id='word_1_136' title='bbox 484 1552 663 1627; x_wconf 87' lang='lat' dir='ltr'><strong>Homerum,</strong></span> <span class='ocrx_word' id='word_1_137' title='bbox 692 1551 928 1637; x_wconf 79' lang='lat' dir='ltr'><strong>Theophrastum</strong></span> <span class='ocrx_word' id='word_1_138' title='bbox 958 1562 989 1615; x_wconf 91' lang='lat' dir='ltr'><strong>et</strong></span> <span class='ocrx_word' id='word_1_139' title='bbox 1017 1548 1096 1613; x_wconf 91' lang='lat' dir='ltr'><strong>Plut.</strong></span> <span class='ocrx_word' id='word_1_140' title='bbox 1127 1548 1166 1613; x_wconf 89' lang='lat' dir='ltr'><strong>V.</strong></span> 
     </span>
     <span class='ocr_line' id='line_1_15' title="bbox 62 1653 1166 1740; baseline 0 -25"><span class='ocrx_word' id='word_1_141' title='bbox 62 1653 144 1716; x_wconf 86' lang='lat' dir='ltr'><strong>Rom.</strong></span> <span class='ocrx_word' id='word_1_142' title='bbox 163 1675 191 1716; x_wconf 93' lang='lat' dir='ltr'><strong>c.</strong></span> <span class='ocrx_word' id='word_1_143' title='bbox 204 1653 279 1716; x_wconf 92' lang='lat' dir='ltr'><strong>XX.</strong></span> <span class='ocrx_word' id='word_1_144' title='bbox 298 1653 349 1717; x_wconf 92' lang='lat' dir='ltr'><strong>uhi</strong></span> <span class='ocrx_word' id='word_1_145' title='bbox 365 1653 543 1719; x_wconf 86' lang='lat' dir='ltr'><strong>Schacferus</strong></span> <span class='ocrx_word' id='word_1_146' title='bbox 559 1675 715 1738; x_wconf 81' lang='lat' dir='ltr'>perperam</span> <span class='ocrx_word' id='word_1_147' title='bbox 731 1665 953 1740; x_wconf 79' lang='lat' dir='ltr'><strong>paroxytonum</strong></span> <span class='ocrx_word' id='word_1_148' title='bbox 968 1654 1166 1739; x_wconf 51' lang='lat' dir='ltr'><strong>praeferar).</strong></span> 
     </span>
     <span class='ocr_line' id='line_1_16' title="bbox 63 1749 1169 1840; baseline 0.005 -23"><span class='ocrx_word' id='word_1_149' title='bbox 63 1754 93 1819; x_wconf 90' lang='lat' dir='ltr'><strong>Si</strong></span> <span class='ocrx_word' id='word_1_150' title='bbox 109 1777 185 1820; x_wconf 85' lang='lat' dir='ltr'><strong>vero</strong></span> <span class='ocrx_word' id='word_1_151' title='bbox 205 1755 290 1819; x_wconf 87' lang='lat' dir='ltr'><strong>hasta</strong></span> <span class='ocrx_word' id='word_1_152' title='bbox 307 1755 495 1840; x_wconf 85' lang='lat' dir='ltr'><strong>significatur</strong></span> <span class='ocrx_word' id='word_1_153' title='bbox 513 1776 635 1834; x_wconf 89' lang='lat' dir='ltr'><strong>cornea,</strong></span> <span class='ocrx_word' id='word_1_154' title='bbox 659 1757 734 1820; x_wconf 87' lang='lat' dir='ltr'><strong>nihil</strong></span> <span class='ocrx_word' id='word_1_155' title='bbox 752 1757 893 1832; x_wconf 87' lang='lat' dir='ltr'><strong>interest,</strong></span> <span class='ocrx_word' id='word_1_156' title='bbox 913 1766 1013 1819; x_wconf 90' lang='lat' dir='ltr'><strong>utrum</strong></span> <span class='ocrx_word' id='word_1_157' title='bbox 1030 1749 1169 1840; x_wconf 78' lang='grc' dir='ltr'><strong><em>κρίνεια</em></strong></span> 
     </span>
     <span class='ocr_line' id='line_1_17' title="bbox 62 1855 1171 1946; baseline 0.001 -26"><span class='ocrx_word' id='word_1_158' title='bbox 62 1856 208 1921; x_wconf 79' lang='lat' dir='ltr'><strong>scribatur</strong></span> <span class='ocrx_word' id='word_1_159' title='bbox 224 1858 424 1944; x_wconf 85' lang='lat' dir='ltr'><strong>metonymice</strong></span> <span class='ocrx_word' id='word_1_160' title='bbox 439 1870 479 1922; x_wconf 65' lang='lat' dir='ltr'><strong>,ut</strong></span> <span class='ocrx_word' id='word_1_161' title='bbox 499 1857 613 1945; x_wconf 78' lang='grc' dir='ltr'><strong><em>μελίη,</em></strong></span> <span class='ocrx_word' id='word_1_162' title='bbox 637 1881 676 1922; x_wconf 92' lang='lat' dir='ltr'><strong>an</strong></span> <span class='ocrx_word' id='word_1_163' title='bbox 696 1855 849 1946; x_wconf 79' lang='grc' dir='ltr'><strong><em>κρανεία,</em></strong></span> <span class='ocrx_word' id='word_1_164' title='bbox 871 1878 996 1941; x_wconf 89' lang='lat' dir='ltr'><strong>quorum</strong></span> <span class='ocrx_word' id='word_1_165' title='bbox 1018 1856 1101 1941; x_wconf 89' lang='lat' dir='ltr'><strong>prius</strong></span> <span class='ocrx_word' id='word_1_166' title='bbox 1123 1869 1171 1921; x_wconf 91' lang='lat' dir='ltr'><strong>est</strong></span> 
     </span>
     <span class='ocr_line' id='line_1_18' title="bbox 63 1956 1169 2047; baseline -0.001 -26"><span class='ocrx_word' id='word_1_167' title='bbox 63 1958 92 2022; x_wconf 89' lang='lat' dir='ltr'><strong>in</strong></span> <span class='ocrx_word' id='word_1_168' title='bbox 113 1959 234 2047; x_wconf 87' lang='lat' dir='ltr'><strong>Anytae</strong></span> <span class='ocrx_word' id='word_1_169' title='bbox 258 1972 290 2025; x_wconf 91' lang='lat' dir='ltr'><strong>et</strong></span> <span class='ocrx_word' id='word_1_170' title='bbox 310 1960 415 2026; x_wconf 86' lang='lat' dir='ltr'><strong>Niciae</strong></span> <span class='ocrx_word' id='word_1_171' title='bbox 436 1961 682 2046; x_wconf 83' lang='lat' dir='ltr'><strong>Epigrammatis,</strong></span> <span class='ocrx_word' id='word_1_172' title='bbox 712 1962 841 2025; x_wconf 89' lang='lat' dir='ltr'><strong>alterum</strong></span> <span class='ocrx_word' id='word_1_173' title='bbox 865 1959 941 2043; x_wconf 91' lang='lat' dir='ltr'><strong>apud</strong></span> <span class='ocrx_word' id='word_1_174' title='bbox 965 1956 1077 2020; x_wconf 88' lang='lat' dir='ltr'><strong>Suidan</strong></span> <span class='ocrx_word' id='word_1_175' title='bbox 1101 1958 1169 2023; x_wconf 82' lang='lat' dir='ltr'><strong>rul-</strong></span> 
     </span>
     <span class='ocr_line' id='line_1_19' title="bbox 63 2055 1168 2151; baseline -0.003 -25"><span class='ocrx_word' id='word_1_176' title='bbox 63 2073 168 2146; x_wconf 78' lang='lat' dir='ltr'><strong>gatur=</strong></span> <span class='ocrx_word' id='word_1_177' title='bbox 205 2060 344 2150; x_wconf 86' lang='grc' dir='ltr'><strong><em>κρανεία</em></strong></span> <span class='ocrx_word' id='word_1_178' title='bbox 366 2059 404 2130; x_wconf 83' lang='lat' dir='ltr'><strong>cd</strong></span> <span class='ocrx_word' id='word_1_179' title='bbox 426 2067 462 2130; x_wconf 80' lang='grc' dir='ltr'><strong>ἐκ</strong></span> <span class='ocrx_word' id='word_1_180' title='bbox 483 2061 638 2151; x_wconf 76' lang='grc' dir='ltr'><strong><em>κρανείας</em></strong></span> <span class='ocrx_word' id='word_1_181' title='bbox 660 2055 752 2151; x_wconf 72' lang='lat' dir='ltr'><strong>dopo.</strong></span> <span class='ocrx_word' id='word_1_182' title='bbox 795 2061 963 2150; x_wconf 83' lang='lat' dir='ltr'><strong>Hesychius</strong></span> <span class='ocrx_word' id='word_1_183' title='bbox 989 2055 1097 2148; x_wconf 77' lang='grc' dir='ltr'><strong><em>κύρνα</em></strong></span> <span class='ocrx_word' id='word_1_184' title='bbox 1122 2060 1168 2123; x_wconf 94' lang='lat' dir='ltr'><strong>in·</strong></span> 
     </span>
     <span class='ocr_line' id='line_1_20' title="bbox 10 2163 1168 2253; baseline 0 -26"><span class='ocrx_word' id='word_1_185' title='bbox 10 2240 11 2252; x_wconf 18' lang='lat'>¹</span> <span class='ocrx_word' id='word_1_186' title='bbox 63 2172 244 2249; x_wconf 88' lang='lat' dir='ltr'><strong>terpretatur</strong></span> <span class='ocrx_word' id='word_1_187' title='bbox 270 2164 393 2253; x_wconf 89' lang='grc' dir='ltr'><strong><em>κρανία</em></strong></span> <span class='ocrx_word' id='word_1_188' title='bbox 425 2166 491 2233; x_wconf 84' lang='lat' dir='ltr'><strong>sive</strong></span> <span class='ocrx_word' id='word_1_189' title='bbox 519 2163 660 2253; x_wconf 81' lang='grc' dir='ltr'><strong><em>κροίνια,</em></strong></span> <span class='ocrx_word' id='word_1_190' title='bbox 699 2188 740 2231; x_wconf 84' lang='lat' dir='ltr'><strong>ex</strong></span> <span class='ocrx_word' id='word_1_191' title='bbox 771 2188 830 2253; x_wconf 88' lang='lat' dir='ltr'><strong>quo</strong></span> <span class='ocrx_word' id='word_1_192' title='bbox 861 2176 983 2251; x_wconf 87' lang='lat' dir='ltr'><strong>apparet</strong></span> <span class='ocrx_word' id='word_1_193' title='bbox 1012 2163 1168 2229; x_wconf 89' lang='lat' dir='ltr'><strong>nominum</strong></span> 
     </span>
    </p>
   </div>
   <div class='ocr_carea' id='block_1_3' title="bbox 10 2262 1168 2961">
    <p class='ocr_par' dir='ltr' id='par_1_3' title="bbox 10 2262 1168 2961">
     <span class='ocr_line' id='line_1_21' title="bbox 10 2262 1167 2362; baseline 0.001 -34"><span class='ocrx_word' id='word_1_194' title='bbox 10 2324 12 2358; x_wconf 28' lang='grc' dir='ltr'><strong>ὲ</strong></span> <span class='ocrx_word' id='word_1_195' title='bbox 63 2286 192 2344; x_wconf 74' lang='lat' dir='ltr'><strong>comam,</strong></span> <span class='ocrx_word' id='word_1_196' title='bbox 215 2289 332 2346; x_wconf 85' lang='grc' dir='ltr'><strong><em>οονκα,</em></strong></span> <span class='ocrx_word' id='word_1_197' title='bbox 356 2267 470 2355; x_wconf 87' lang='grc' dir='ltr'><strong><em>κίρας,</em></strong></span> <span class='ocrx_word' id='word_1_198' title='bbox 492 2262 654 2362; x_wconf 81' lang='grc' dir='ltr'><strong><em>κραναός,</em></strong></span> <span class='ocrx_word' id='word_1_199' title='bbox 677 2269 833 2353; x_wconf 84' lang='lat' dir='ltr'><strong>cognatio,</strong></span> <span class='ocrx_word' id='word_1_200' title='bbox 856 2289 913 2352; x_wconf 89' lang='lat' dir='ltr'><strong>qua</strong></span> <span class='ocrx_word' id='word_1_201' title='bbox 932 2265 1074 2356; x_wconf 89' lang='grc' dir='ltr'><strong><em>κρανίον</em></strong></span> <span class='ocrx_word' id='word_1_202' title='bbox 1096 2287 1167 2350; x_wconf 91' lang='lat' dir='ltr'><strong>quo·</strong></span> 
     </span>
     <span class='ocr_line' id='line_1_22' title="bbox 10 2365 1168 2459; baseline 0.004 -28"><span class='ocrx_word' id='word_1_203' title='bbox 10 2422 35 2448; x_wconf 60' lang='grc'><strong>,.</strong></span> <span class='ocrx_word' id='word_1_204' title='bbox 62 2388 115 2451; x_wconf 84' lang='lat' dir='ltr'><strong>qne</strong></span> <span class='ocrx_word' id='word_1_205' title='bbox 149 2379 181 2432; x_wconf 89' lang='lat' dir='ltr'><strong>et</strong></span> <span class='ocrx_word' id='word_1_206' title='bbox 212 2369 320 2435; x_wconf 88' lang='lat' dir='ltr'><strong>localia</strong></span> <span class='ocrx_word' id='word_1_207' title='bbox 351 2368 476 2459; x_wconf 77' lang='grc' dir='ltr'><strong><em>Κροίνρ</em></strong></span> <span class='ocrx_word' id='word_1_208' title='bbox 508 2371 574 2437; x_wconf 88' lang='lat' dir='ltr'><strong>sive</strong></span> <span class='ocrx_word' id='word_1_209' title='bbox 606 2367 740 2457; x_wconf 81' lang='grc' dir='ltr'><strong><em>Κρανίς</em></strong></span> <span class='ocrx_word' id='word_1_210' title='bbox 771 2369 970 2456; x_wconf 83' lang='lat' dir='ltr'><strong>(Theophr.),</strong></span> <span class='ocrx_word' id='word_1_211' title='bbox 1003 2365 1168 2457; x_wconf 73' lang='grc' dir='ltr'><strong><em>Κροίναν,</em></strong></span> 
     </span>
     <span class='ocr_line' id='line_1_23' title="bbox 60 2468 1167 2560; baseline 0 -24"><span class='ocrx_word' id='word_1_212' title='bbox 60 2468 254 2557; x_wconf 78' lang='grc' dir='ltr'><strong><em>Κράνειον,</em></strong></span> <span class='ocrx_word' id='word_1_213' title='bbox 282 2468 446 2560; x_wconf 84' lang='grc' dir='ltr'><strong><em>Κροίνιοι,</em></strong></span> <span class='ocrx_word' id='word_1_214' title='bbox 476 2474 535 2536; x_wconf 90' lang='lat' dir='ltr'><strong>nisi</strong></span> <span class='ocrx_word' id='word_1_215' title='bbox 559 2474 660 2536; x_wconf 89' lang='lat' dir='ltr'><strong>dorica</strong></span> <span class='ocrx_word' id='word_1_216' title='bbox 686 2473 912 2548; x_wconf 86' lang='lat' dir='ltr'><strong>intercurrunt,</strong></span> <span class='ocrx_word' id='word_1_217' title='bbox 946 2473 1095 2535; x_wconf 84' lang='lat' dir='ltr'><strong>contineri</strong></span> <span class='ocrx_word' id='word_1_218' title='bbox 1121 2473 1167 2536; x_wconf 89' lang='lat' dir='ltr'><strong>vi-</strong></span> 
     </span>
     <span class='ocr_line' id='line_1_24' title="bbox 61 2571 1166 2654; baseline 0.001 -20"><span class='ocrx_word' id='word_1_219' title='bbox 61 2571 181 2635; x_wconf 89' lang='lat' dir='ltr'><strong>dentur.</strong></span> <span class='ocrx_word' id='word_1_220' title='bbox 229 2573 287 2635; x_wconf 87' lang='lat' dir='ltr'><strong>Sed</strong></span> <span class='ocrx_word' id='word_1_221' title='bbox 312 2584 414 2635; x_wconf 88' lang='lat' dir='ltr'><strong>cetera</strong></span> <span class='ocrx_word' id='word_1_222' title='bbox 437 2584 568 2634; x_wconf 89' lang='lat' dir='ltr'><strong>mutatae</strong></span> <span class='ocrx_word' id='word_1_223' title='bbox 593 2593 660 2634; x_wconf 92' lang='lat' dir='ltr'><strong>cum</strong></span> <span class='ocrx_word' id='word_1_224' title='bbox 684 2573 902 2654; x_wconf 81' lang='lat' dir='ltr'><strong>significatione</strong></span> <span class='ocrx_word' id='word_1_225' title='bbox 926 2574 1039 2634; x_wconf 83' lang='lat' dir='ltr'><strong>formae</strong></span> <span class='ocrx_word' id='word_1_226' title='bbox 1065 2593 1166 2635; x_wconf 84' lang='lat' dir='ltr'><strong>exem·</strong></span> 
     </span>
     <span class='ocr_line' id='line_1_25' title="bbox 61 2672 1167 2756; baseline 0.003 -20"><span class='ocrx_word' id='word_1_227' title='bbox 61 2672 103 2756; x_wconf 89' lang='lat' dir='ltr'><strong>pla</strong></span> <span class='ocrx_word' id='word_1_228' title='bbox 127 2673 311 2736; x_wconf 88' lang='lat' dir='ltr'><strong>commodius</strong></span> <span class='ocrx_word' id='word_1_229' title='bbox 334 2682 397 2736; x_wconf 91' lang='lat' dir='ltr'><strong>tum</strong></span> <span class='ocrx_word' id='word_1_230' title='bbox 418 2672 562 2736; x_wconf 82' lang='lat' dir='ltr'><strong>reddituri</strong></span> <span class='ocrx_word' id='word_1_231' title='bbox 584 2672 737 2748; x_wconf 89' lang='lat' dir='ltr'><strong>videmur,</strong></span> <span class='ocrx_word' id='word_1_232' title='bbox 769 2672 819 2735; x_wconf 92' lang='lat' dir='ltr'><strong>ubi</strong></span> <span class='ocrx_word' id='word_1_233' title='bbox 844 2673 880 2736; x_wconf 92' lang='lat' dir='ltr'><strong>de</strong></span> <span class='ocrx_word' id='word_1_234' title='bbox 901 2682 1043 2737; x_wconf 89' lang='lat' dir='ltr'><strong>accentus</strong></span> <span class='ocrx_word' id='word_1_235' title='bbox 1066 2675 1167 2739; x_wconf 87' lang='lat' dir='ltr'><strong>anabi·</strong></span> 
     </span>
     <span class='ocr_line' id='line_1_26' title="bbox 61 2773 1166 2865; baseline 0.005 -28"><span class='ocrx_word' id='word_1_236' title='bbox 61 2774 159 2837; x_wconf 85' lang='lat' dir='ltr'><strong>hasmo</strong></span> <span class='ocrx_word' id='word_1_237' title='bbox 186 2773 420 2852; x_wconf 81' lang='lat' dir='ltr'><strong>absolverimus,</strong></span> <span class='ocrx_word' id='word_1_238' title='bbox 453 2775 538 2860; x_wconf 85' lang='lat' dir='ltr'><strong>cujus</strong></span> <span class='ocrx_word' id='word_1_239' title='bbox 561 2774 673 2839; x_wconf 89' lang='lat' dir='ltr'><strong>mentio</strong></span> <span class='ocrx_word' id='word_1_240' title='bbox 694 2775 758 2860; x_wconf 88' lang='lat' dir='ltr'><strong>jam</strong></span> <span class='ocrx_word' id='word_1_241' title='bbox 781 2775 814 2838; x_wconf 91' lang='lat' dir='ltr'><strong>in</strong></span> <span class='ocrx_word' id='word_1_242' title='bbox 837 2774 984 2860; x_wconf 85' lang='lat' dir='ltr'><strong>proximis</strong></span> <span class='ocrx_word' id='word_1_243' title='bbox 1007 2776 1166 2865; x_wconf 82' lang='lat' dir='ltr'><strong>aliquoties</strong></span> 
     </span>
     <span class='ocr_line' id='line_1_27' title="bbox 63 2873 550 2961; baseline 0.002 -23"><span class='ocrx_word' id='word_1_244' title='bbox 63 2873 171 2961; x_wconf 88' lang='lat' dir='ltr'><strong>injecta</strong></span> <span class='ocrx_word' id='word_1_245' title='bbox 194 2886 251 2939; x_wconf 89' lang='lat' dir='ltr'><strong>est.</strong></span> <span class='ocrx_word' id='word_1_246' title='bbox 547 2883 550 2889; x_wconf 83' lang='lat'>&#39;</span> 
     </span>
    </p>
   </div>
   <div class='ocr_carea' id='block_1_4' title="bbox 61 3073 1164 4086">
    <p class='ocr_par' dir='ltr' id='par_1_4' title="bbox 63 3073 1164 3232">
     <span class='ocr_line' id='line_1_28' title="bbox 127 3073 1164 3147; baseline 0.002 -21"><span class='ocrx_word' id='word_1_247' title='bbox 127 3074 173 3138; x_wconf 75' lang='lat'><strong>23)</strong></span> <span class='ocrx_word' id='word_1_248' title='bbox 196 3073 307 3125; x_wconf 86' lang='lat' dir='ltr'><strong>Perrara</strong></span> <span class='ocrx_word' id='word_1_249' title='bbox 327 3083 390 3127; x_wconf 87' lang='lat' dir='ltr'><strong>sunt</strong></span> <span class='ocrx_word' id='word_1_250' title='bbox 411 3077 513 3128; x_wconf 90' lang='lat' dir='ltr'><strong>nomina</strong></span> <span class='ocrx_word' id='word_1_251' title='bbox 535 3078 562 3128; x_wconf 93' lang='lat' dir='ltr'><strong>in</strong></span> <span class='ocrx_word' id='word_1_252' title='bbox 579 3075 610 3147; x_wconf 83' lang='grc' dir='ltr'><strong>ἦ,</strong></span> <span class='ocrx_word' id='word_1_253' title='bbox 634 3091 700 3144; x_wconf 88' lang='lat' dir='ltr'><strong>quae</strong></span> <span class='ocrx_word' id='word_1_254' title='bbox 722 3092 804 3142; x_wconf 85' lang='lat' dir='ltr'><strong>neque</strong></span> <span class='ocrx_word' id='word_1_255' title='bbox 828 3077 920 3143; x_wconf 90' lang='lat' dir='ltr'><strong>pellem</strong></span> <span class='ocrx_word' id='word_1_256' title='bbox 942 3092 1024 3142; x_wconf 85' lang='lat' dir='ltr'><strong>neque</strong></span> <span class='ocrx_word' id='word_1_257' title='bbox 1047 3075 1164 3128; x_wconf 87' lang='lat' dir='ltr'><strong>arborem</strong></span> 
     </span>
     <span class='ocr_line' id='line_1_29' title="bbox 63 3156 1076 3232; baseline 0.002 -22"><span class='ocrx_word' id='word_1_258' title='bbox 63 3161 219 3225; x_wconf 78' lang='lat' dir='ltr'><strong>significant,</strong></span> <span class='ocrx_word' id='word_1_259' title='bbox 245 3167 275 3211; x_wconf 88' lang='lat' dir='ltr'><strong>nt</strong></span> <span class='ocrx_word' id='word_1_260' title='bbox 291 3156 405 3232; x_wconf 74' lang='grc' dir='ltr'><strong><em>κερδαλῆ</em></strong></span> <span class='ocrx_word' id='word_1_261' title='bbox 421 3164 527 3229; x_wconf 86' lang='lat' dir='ltr'><strong>vulpes,</strong></span> <span class='ocrx_word' id='word_1_262' title='bbox 551 3158 661 3230; x_wconf 79' lang='grc' dir='ltr'><strong><em>ἐχινῆἦ</em></strong></span> <span class='ocrx_word' id='word_1_263' title='bbox 678 3163 791 3230; x_wconf 80' lang='grc' dir='ltr'><strong><em>τραχεῖα</em></strong></span> <span class='ocrx_word' id='word_1_264' title='bbox 807 3162 901 3214; x_wconf 79' lang='lat' dir='ltr'><strong>Aread.</strong></span> <span class='ocrx_word' id='word_1_265' title='bbox 920 3179 945 3229; x_wconf 94' lang='lat' dir='ltr'><strong>p.</strong></span> <span class='ocrx_word' id='word_1_266' title='bbox 968 3163 1031 3223; x_wconf 79' lang='lat'><strong>112,</strong></span> <span class='ocrx_word' id='word_1_267' title='bbox 1051 3165 1076 3215; x_wconf 82' lang='lat'><strong>4.</strong></span> 
     </span>
    </p>

    <p class='ocr_par' dir='ltr' id='par_1_5' title="bbox 61 3243 1162 4086">
     <span class='ocr_line' id='line_1_30' title="bbox 126 3243 1162 3315; baseline 0.001 -18"><span class='ocrx_word' id='word_1_268' title='bbox 126 3244 338 3312; x_wconf 71' lang='grc' dir='ltr'><strong>14)11.Ν1ο1αο.</strong></span> <span class='ocrx_word' id='word_1_269' title='bbox 359 3248 391 3296; x_wconf 91' lang='lat' dir='ltr'><strong>ad</strong></span> <span class='ocrx_word' id='word_1_270' title='bbox 409 3246 502 3315; x_wconf 87' lang='lat' dir='ltr'><strong>Geopp.</strong></span> <span class='ocrx_word' id='word_1_271' title='bbox 522 3246 567 3299; x_wconf 92' lang='lat' dir='ltr'><strong>lV.</strong></span> <span class='ocrx_word' id='word_1_272' title='bbox 589 3247 620 3307; x_wconf 87' lang='grc'><strong>1,</strong></span> <span class='ocrx_word' id='word_1_273' title='bbox 640 3248 680 3302; x_wconf 81' lang='lat' dir='ltr'><strong>ta.</strong></span> <span class='ocrx_word' id='word_1_274' title='bbox 705 3248 805 3312; x_wconf 80' lang='grc' dir='ltr'><strong><em>Σοκία,</em></strong></span> <span class='ocrx_word' id='word_1_275' title='bbox 826 3245 912 3314; x_wconf 79' lang='grc' dir='ltr'><strong><em>μηίία</em></strong></span> <span class='ocrx_word' id='word_1_276' title='bbox 930 3248 985 3298; x_wconf 88' lang='lat' dir='ltr'><strong>sive</strong></span> <span class='ocrx_word' id='word_1_277' title='bbox 1003 3243 1088 3314; x_wconf 77' lang='grc' dir='ltr'><strong><em>μηίιιί</em></strong></span> <span class='ocrx_word' id='word_1_278' title='bbox 1107 3262 1162 3298; x_wconf 88' lang='lat' dir='ltr'><strong>aaa·</strong></span> 
     </span>
     <span class='ocr_line' id='line_1_31' title="bbox 64 3331 1161 3398; baseline 0 -16"><span class='ocrx_word' id='word_1_279' title='bbox 64 3334 117 3398; x_wconf 86' lang='lat' dir='ltr'><strong>pius</strong></span> <span class='ocrx_word' id='word_1_280' title='bbox 136 3332 163 3382; x_wconf 93' lang='lat' dir='ltr'><strong>in</strong></span> <span class='ocrx_word' id='word_1_281' title='bbox 180 3333 251 3384; x_wconf 89' lang='lat' dir='ltr'><strong>eodd.</strong></span> <span class='ocrx_word' id='word_1_282' title='bbox 270 3341 297 3385; x_wconf 90' lang='lat' dir='ltr'><strong>et</strong></span> <span class='ocrx_word' id='word_1_283' title='bbox 313 3332 340 3384; x_wconf 90' lang='lat' dir='ltr'><strong>in</strong></span> <span class='ocrx_word' id='word_1_284' title='bbox 356 3334 455 3384; x_wconf 89' lang='lat' dir='ltr'><strong>novitia</strong></span> <span class='ocrx_word' id='word_1_285' title='bbox 469 3332 618 3385; x_wconf 85' lang='lat' dir='ltr'><strong>Graecitate</strong></span> <span class='ocrx_word' id='word_1_286' title='bbox 632 3331 726 3384; x_wconf 86' lang='lat' dir='ltr'><strong>Athen.</strong></span> <span class='ocrx_word' id='word_1_287' title='bbox 741 3332 785 3385; x_wconf 89' lang='lat'><strong>111.</strong></span> <span class='ocrx_word' id='word_1_288' title='bbox 802 3333 845 3389; x_wconf 77' lang='lat'><strong>82.</strong></span> <span class='ocrx_word' id='word_1_289' title='bbox 861 3332 891 3384; x_wconf 83' lang='lat' dir='ltr'><strong>G.</strong></span> <span class='ocrx_word' id='word_1_290' title='bbox 911 3333 1001 3385; x_wconf 82' lang='lat' dir='ltr'><strong>Corais</strong></span> <span class='ocrx_word' id='word_1_291' title='bbox 1016 3334 1048 3385; x_wconf 88' lang='lat' dir='ltr'><strong>ad</strong></span> <span class='ocrx_word' id='word_1_292' title='bbox 1062 3334 1161 3385; x_wconf 90' lang='lat' dir='ltr'><strong>lleliod.</strong></span> 
     </span>
     <span class='ocr_line' id='line_1_32' title="bbox 64 3414 1159 3488; baseline -0.006 -15"><span class='ocrx_word' id='word_1_293' title='bbox 64 3433 85 3484; x_wconf 78' lang='lat' dir='ltr'><strong>p.</strong></span> <span class='ocrx_word' id='word_1_294' title='bbox 98 3419 160 3474; x_wconf 76' lang='lat' dir='ltr'><strong>tut.</strong></span> <span class='ocrx_word' id='word_1_295' title='bbox 188 3417 313 3470; x_wconf 87' lang='lat' dir='ltr'><strong>Similiter</strong></span> <span class='ocrx_word' id='word_1_296' title='bbox 323 3414 414 3488; x_wconf 79' lang='grc' dir='ltr'><strong><em>Ἀγίας</em></strong></span> <span class='ocrx_word' id='word_1_297' title='bbox 431 3427 458 3470; x_wconf 90' lang='lat' dir='ltr'><strong>et</strong></span> <span class='ocrx_word' id='word_1_298' title='bbox 468 3415 556 3486; x_wconf 75' lang='grc' dir='ltr'><strong><em>Ἀγίας</em></strong></span> <span class='ocrx_word' id='word_1_299' title='bbox 572 3435 599 3470; x_wconf 85' lang='lat' dir='ltr'><strong>v.</strong></span> <span class='ocrx_word' id='word_1_300' title='bbox 614 3417 850 3484; x_wconf 79' lang='lat' dir='ltr'><strong>Schweighaeuser.</strong></span> <span class='ocrx_word' id='word_1_301' title='bbox 870 3420 901 3469; x_wconf 91' lang='lat' dir='ltr'><strong>ad</strong></span> <span class='ocrx_word' id='word_1_302' title='bbox 913 3420 1010 3480; x_wconf 73' lang='lat' dir='ltr'><strong>Athen.</strong></span> <span class='ocrx_word' id='word_1_303' title='bbox 1027 3419 1057 3470; x_wconf 90' lang='grc' dir='ltr'><strong>Τ.</strong></span> <span class='ocrx_word' id='word_1_304' title='bbox 1072 3418 1103 3470; x_wconf 87' lang='grc'><strong>11.</strong></span> <span class='ocrx_word' id='word_1_305' title='bbox 1118 3419 1159 3468; x_wconf 79' lang='grc'><strong>85.</strong></span> 
     </span>
     <span class='ocr_line' id='line_1_33' title="bbox 63 3502 1158 3575; baseline -0.005 -19"><span class='ocrx_word' id='word_1_306' title='bbox 63 3507 189 3558; x_wconf 85' lang='grc' dir='ltr'><strong><em>Μνασίας</em></strong></span> <span class='ocrx_word' id='word_1_307' title='bbox 205 3510 232 3555; x_wconf 91' lang='lat' dir='ltr'><strong>et</strong></span> <span class='ocrx_word' id='word_1_308' title='bbox 245 3509 372 3560; x_wconf 76' lang='grc' dir='ltr'><strong><em>Μνασέας</em></strong></span> <span class='ocrx_word' id='word_1_309' title='bbox 389 3506 422 3557; x_wconf 82' lang='lat' dir='ltr'><strong>ad</strong></span> <span class='ocrx_word' id='word_1_310' title='bbox 435 3504 524 3575; x_wconf 74' lang='lat' dir='ltr'><strong>Polyb.</strong></span> <span class='ocrx_word' id='word_1_311' title='bbox 539 3502 622 3570; x_wconf 83' lang='lat' dir='ltr'><strong>XVll.</strong></span> <span class='ocrx_word' id='word_1_312' title='bbox 640 3505 681 3565; x_wconf 84' lang='grc'><strong>14,</strong></span> <span class='ocrx_word' id='word_1_313' title='bbox 696 3505 721 3557; x_wconf 84' lang='grc'><strong>3.</strong></span> <span class='ocrx_word' id='word_1_314' title='bbox 742 3508 849 3559; x_wconf 82' lang='grc' dir='ltr'><strong><em>Φανίας</em></strong></span> <span class='ocrx_word' id='word_1_315' title='bbox 865 3511 893 3555; x_wconf 89' lang='lat' dir='ltr'><strong>et</strong></span> <span class='ocrx_word' id='word_1_316' title='bbox 909 3507 1013 3559; x_wconf 81' lang='grc' dir='ltr'><strong><em>Φανίας</em></strong></span> <span class='ocrx_word' id='word_1_317' title='bbox 1029 3521 1055 3556; x_wconf 83' lang='grc' dir='ltr'><strong>ν.</strong></span> <span class='ocrx_word' id='word_1_318' title='bbox 1070 3505 1158 3557; x_wconf 87' lang='lat' dir='ltr'><strong>Ehert.</strong></span> 
     </span>
     <span class='ocr_line' id='line_1_34' title="bbox 62 3586 1160 3658; baseline 0.002 -20"><span class='ocrx_word' id='word_1_319' title='bbox 62 3586 171 3640; x_wconf 88' lang='lat' dir='ltr'><strong>Dissert.</strong></span> <span class='ocrx_word' id='word_1_320' title='bbox 197 3589 249 3640; x_wconf 89' lang='lat' dir='ltr'><strong>Sic.</strong></span> <span class='ocrx_word' id='word_1_321' title='bbox 274 3606 299 3656; x_wconf 92' lang='lat' dir='ltr'><strong>p.</strong></span> <span class='ocrx_word' id='word_1_322' title='bbox 322 3588 363 3640; x_wconf 84' lang='grc'><strong>78.</strong></span> <span class='ocrx_word' id='word_1_323' title='bbox 388 3593 497 3645; x_wconf 84' lang='grc' dir='ltr'><strong><em>Πασίας</em></strong></span> <span class='ocrx_word' id='word_1_324' title='bbox 513 3591 581 3643; x_wconf 88' lang='lat' dir='ltr'><strong>Plut.</strong></span> <span class='ocrx_word' id='word_1_325' title='bbox 601 3588 636 3643; x_wconf 87' lang='lat' dir='ltr'><strong>V.</strong></span> <span class='ocrx_word' id='word_1_326' title='bbox 660 3590 735 3642; x_wconf 77' lang='lat' dir='ltr'><strong>Arat-</strong></span> <span class='ocrx_word' id='word_1_327' title='bbox 754 3588 785 3641; x_wconf 90' lang='lat' dir='ltr'><strong>ll.</strong></span> <span class='ocrx_word' id='word_1_328' title='bbox 811 3598 842 3641; x_wconf 91' lang='lat' dir='ltr'><strong>nt</strong></span> <span class='ocrx_word' id='word_1_329' title='bbox 863 3587 1001 3656; x_wconf 76' lang='grc' dir='ltr'><strong><em>Καλλίας,</em></strong></span> <span class='ocrx_word' id='word_1_330' title='bbox 1025 3591 1160 3658; x_wconf 69' lang='grc' dir='ltr'><strong><em>Χαβρίας,</em></strong></span> 
     </span>
     <span class='ocr_line' id='line_1_35' title="bbox 62 3667 1160 3745; baseline 0.002 -18"><span class='ocrx_word' id='word_1_331' title='bbox 62 3676 164 3728; x_wconf 80' lang='grc' dir='ltr'><strong><em>Νικίας</em></strong></span> <span class='ocrx_word' id='word_1_332' title='bbox 180 3675 206 3725; x_wconf 92' lang='lat' dir='ltr'><strong>in</strong></span> <span class='ocrx_word' id='word_1_333' title='bbox 224 3674 352 3741; x_wconf 76' lang='lat' dir='ltr'><strong>lapidibus</strong></span> <span class='ocrx_word' id='word_1_334' title='bbox 371 3676 468 3737; x_wconf 87' lang='lat' dir='ltr'><strong>atticis,</strong></span> <span class='ocrx_word' id='word_1_335' title='bbox 488 3683 514 3728; x_wconf 90' lang='lat' dir='ltr'><strong>et</strong></span> <span class='ocrx_word' id='word_1_336' title='bbox 532 3677 633 3745; x_wconf 87' lang='lat' dir='ltr'><strong>saepius</strong></span> <span class='ocrx_word' id='word_1_337' title='bbox 647 3678 754 3733; x_wconf 83' lang='grc' dir='ltr'><strong><em>Πασίας</em></strong></span> <span class='ocrx_word' id='word_1_338' title='bbox 771 3683 801 3727; x_wconf 92' lang='lat' dir='ltr'><strong>ut</strong></span> <span class='ocrx_word' id='word_1_339' title='bbox 814 3680 943 3744; x_wconf 80' lang='grc' dir='ltr'><strong><em>Κτησίας,</em></strong></span> <span class='ocrx_word' id='word_1_340' title='bbox 960 3679 1072 3737; x_wconf 80' lang='grc' dir='ltr'><strong><em>Λυσίας,</em></strong></span> <span class='ocrx_word' id='word_1_341' title='bbox 1085 3667 1160 3741; x_wconf 79' lang='grc' dir='ltr'><strong><em>Ἔρυ-</em></strong></span> 
     </span>
     <span class='ocr_line' id='line_1_36' title="bbox 63 3751 450 3830; baseline 0.008 -20"><span class='ocrx_word' id='word_1_342' title='bbox 63 3757 118 3819; x_wconf 58' lang='lat' dir='ltr'><strong>§lac</strong></span> <span class='ocrx_word' id='word_1_343' title='bbox 135 3760 175 3824; x_wconf 87' lang='lat' dir='ltr'><strong>(ct</strong></span> <span class='ocrx_word' id='word_1_344' title='bbox 186 3753 297 3830; x_wconf 78' lang='grc' dir='ltr'><strong><em>Ἔροξις</em></strong></span> <span class='ocrx_word' id='word_1_345' title='bbox 314 3767 344 3811; x_wconf 90' lang='lat' dir='ltr'><strong>ut</strong></span> <span class='ocrx_word' id='word_1_346' title='bbox 355 3751 450 3827; x_wconf 70' lang='grc' dir='ltr'><strong>Ἆγις).</strong></span> 
     </span>
     <span class='ocr_line' id='line_1_37' title="bbox 73 3838 1161 3915; baseline 0.003 -18"><span class='ocrx_word' id='word_1_347' title='bbox 73 3888 76 3893; x_wconf 95' lang='grc'><strong>.</strong></span> <span class='ocrx_word' id='word_1_348' title='bbox 127 3845 173 3908; x_wconf 78' lang='lat'><strong>25)</strong></span> <span class='ocrx_word' id='word_1_349' title='bbox 197 3848 329 3914; x_wconf 77' lang='grc' dir='ltr'><strong><em>Κρανείου</em></strong></span> <span class='ocrx_word' id='word_1_350' title='bbox 352 3840 464 3910; x_wconf 69' lang='grc' dir='ltr'><strong><em>θίασος</em></strong></span> <span class='ocrx_word' id='word_1_351' title='bbox 485 3846 568 3900; x_wconf 86' lang='lat' dir='ltr'><strong>Noun.</strong></span> <span class='ocrx_word' id='word_1_352' title='bbox 592 3846 680 3899; x_wconf 90' lang='lat' dir='ltr'><strong>XXX.</strong></span> <span class='ocrx_word' id='word_1_353' title='bbox 704 3849 765 3906; x_wconf 76' lang='lat'><strong>228.</strong></span> <span class='ocrx_word' id='word_1_354' title='bbox 798 3857 824 3900; x_wconf 89' lang='lat' dir='ltr'><strong>et</strong></span> <span class='ocrx_word' id='word_1_355' title='bbox 846 3848 1005 3915; x_wconf 79' lang='lat' dir='ltr'><strong>Hamadryas</strong></span> <span class='ocrx_word' id='word_1_356' title='bbox 1028 3838 1161 3908; x_wconf 78' lang='grc' dir='ltr'><strong><em>Κροίνεισς</em></strong></span> 
     </span>
     <span class='ocr_line' id='line_1_38' title="bbox 61 3926 1158 4002; baseline 0.001 -21"><span class='ocrx_word' id='word_1_357' title='bbox 61 3930 153 3983; x_wconf 81' lang='lat' dir='ltr'><strong>hthen.</strong></span> <span class='ocrx_word' id='word_1_358' title='bbox 173 3931 217 3983; x_wconf 94' lang='lat' dir='ltr'><strong>Ill.</strong></span> <span class='ocrx_word' id='word_1_359' title='bbox 237 3930 279 3983; x_wconf 82' lang='lat'><strong>78.</strong></span> <span class='ocrx_word' id='word_1_360' title='bbox 302 3931 352 3982; x_wconf 87' lang='lat' dir='ltr'><strong>nisi</strong></span> <span class='ocrx_word' id='word_1_361' title='bbox 372 3932 435 3982; x_wconf 90' lang='lat' dir='ltr'><strong>haec</strong></span> <span class='ocrx_word' id='word_1_362' title='bbox 455 3934 539 4000; x_wconf 87' lang='lat' dir='ltr'><strong>potins</strong></span> <span class='ocrx_word' id='word_1_363' title='bbox 558 3926 682 4002; x_wconf 78' lang='grc' dir='ltr'><strong><em>Κρίσεια</em></strong></span> <span class='ocrx_word' id='word_1_364' title='bbox 700 3943 793 3988; x_wconf 85' lang='lat' dir='ltr'><strong>vocata</strong></span> <span class='ocrx_word' id='word_1_365' title='bbox 810 3942 865 3996; x_wconf 85' lang='lat' dir='ltr'><strong>est;</strong></span> <span class='ocrx_word' id='word_1_366' title='bbox 893 3930 940 4000; x_wconf 76' lang='grc' dir='ltr'><strong>τῆς</strong></span> <span class='ocrx_word' id='word_1_367' title='bbox 954 3930 1078 3995; x_wconf 76' lang='grc' dir='ltr'><strong><em>κρανείας</em></strong></span> <span class='ocrx_word' id='word_1_368' title='bbox 1094 3930 1158 3983; x_wconf 80' lang='lat' dir='ltr'><strong>llur.</strong></span> 
     </span>
     <span class='ocr_line' id='line_1_39' title="bbox 62 4014 1157 4086; baseline 0.003 -19"><span class='ocrx_word' id='word_1_369' title='bbox 62 4015 167 4070; x_wconf 88' lang='lat' dir='ltr'><strong>Phaeth.</strong></span> <span class='ocrx_word' id='word_1_370' title='bbox 182 4016 227 4070; x_wconf 79' lang='lat' dir='ltr'><strong>Fr.</strong></span> <span class='ocrx_word' id='word_1_371' title='bbox 242 4016 288 4070; x_wconf 87' lang='lat' dir='ltr'><strong>xl.</strong></span> <span class='ocrx_word' id='word_1_372' title='bbox 304 4016 381 4070; x_wconf 85' lang='lat' dir='ltr'><strong>Paus.</strong></span> <span class='ocrx_word' id='word_1_373' title='bbox 397 4016 439 4070; x_wconf 91' lang='grc'><strong>111.</strong></span> <span class='ocrx_word' id='word_1_374' title='bbox 456 4019 497 4079; x_wconf 91' lang='grc'><strong>13,</strong></span> <span class='ocrx_word' id='word_1_375' title='bbox 512 4020 539 4075; x_wconf 87' lang='grc'><strong>3.</strong></span> <span class='ocrx_word' id='word_1_376' title='bbox 557 4020 622 4073; x_wconf 86' lang='lat' dir='ltr'><strong>Poll.</strong></span> <span class='ocrx_word' id='word_1_377' title='bbox 634 4018 667 4072; x_wconf 91' lang='lat' dir='ltr'><strong>V.</strong></span> <span class='ocrx_word' id='word_1_378' title='bbox 683 4021 727 4079; x_wconf 75' lang='lat'><strong>20.</strong></span> <span class='ocrx_word' id='word_1_379' title='bbox 746 4017 779 4075; x_wconf 78' lang='grc' dir='ltr'><strong>αἶ</strong></span> <span class='ocrx_word' id='word_1_380' title='bbox 791 4015 914 4086; x_wconf 72' lang='grc' dir='ltr'><strong><em>κράνειαι</em></strong></span> <span class='ocrx_word' id='word_1_381' title='bbox 928 4014 1007 4081; x_wconf 79' lang='lat' dir='ltr'><strong>arpa.</strong></span> <span class='ocrx_word' id='word_1_382' title='bbox 1019 4015 1082 4080; x_wconf 75' lang='lat' dir='ltr'><strong>Arg.</strong></span> <span class='ocrx_word' id='word_1_383' title='bbox 1097 4016 1157 4070; x_wconf 76' lang='lat'><strong>91³.</strong></span> 
     </span>
    </p>
   </div>
   <div class='ocr_carea' id='block_1_5' title="bbox 0 0 1279 4492">
    <p class='ocr_par' dir='ltr' id='par_1_6' title="bbox 0 0 1279 4492">
     <span class='ocr_line' id='line_1_40' title="bbox 0 0 1279 4492; baseline 0 0"><span class='ocrx_word' id='word_1_384' title='bbox 0 0 1279 4492; x_wconf 95' lang='lat' dir='ltr'><strong> </strong></span> 
     </span>
    </p>
   </div>
  </div>
 </body>
</html>
