2534 4492
110 150 182 241 cao
354 210 357 217 ,
410 139 744 209 nussnnrnnro
773 139 873 208 vnn.

111 352 174 396 non
201 328 343 396 videntur
367 320 560 408 appositionis
597 322 695 386 locum
711 321 861 387 ‘oddnera
888 321 988 387 dativo
1023 311 1141 407 ὀάροις
1169 341 1214 386 ex

110 434 203 501 verbo
225 428 380 518 δέχονται
397 426 558 511 pendente,
580 426 633 489 scd
653 425 751 509 potius
779 427 816 488 ab
838 424 895 488 hoc
914 424 978 510 ipso
1006 423 1074 507 regi
1095 422 1214 513 δέχον-

109 531 168 602 ταί
186 554 250 618 μιν
274 525 458 597 κοινωνίαν
483 523 671 614 μαλθακήν
701 521 813 614 ὀάροις
833 526 864 589 id
884 537 933 591 est
952 519 1118 613 τοιαύτην
1137 549 1214 592 κοι-

109 633 240 705 νωνίαν
260 633 326 699 sive
351 629 438 706 δέξιν
460 626 501 697 δι’
516 624 618 716 ἧςπερ
640 626 802 703 κοινωνὸς
818 632 913 695 ἔσται
927 619 1054 715 ὀάροις,
1078 640 1114 693 nt
1135 628 1213 692 Eur.

110 738 173 823 lph.
196 737 233 800 A.
259 732 353 798 1181.
376 729 517 821 δέχομαί
529 757 566 798 σε
586 730 673 808 δέξιν
689 728 734 818 ἥν
748 756 785 798 σε
799 730 962 807 δέξασθαι
977 731 1096 820 χρίων·
1114 730 1214 815 Leng.

109 841 190 906 Post.
220 837 271 902 lV.
299 835 343 900 5..
361 834 549 912 ἐδεξιοῦντο·
583 830 690 902 αῦτδν
721 833 840 901 πᾶσαν
870 831 1031 910 δεξίωσιν.
1078 832 1118 897 Et
1147 854 1214 897 cunr

110 943 203 1008 verbo
233 937 365 1003 neutrali
392 937 516 1001 Aristid.
540 936 618 1002 Vlll.
650 936 702 1001 54.
731 934 867 1003 θυσιῶν
896 932 985 1024 αὐτῷ
1011 934 1218 1004 κοινωνοῦσι

109 1042 174 1130 τήν
196 1037 320 1128 οἷκριβῆ
342 1036 536 1106 κοινωνίαν.
581 1040 693 1104 Horum
722 1039 815 1123 igitur
845 1039 1029 1104 constructio
1058 1038 1133 1103 nihil
1155 1059 1218 1103 am-

109 1145 190 1230 bigni
211 1144 310 1207 habet.
355 1141 412 1204 Sed
434 1162 646 1225 nonnunquam
671 1152 770 1204 tamen
794 1150 915 1206 veteres
936 1142 979 1204 ita
999 1140 1113 1226 loquuti
1131 1151 1215 1216 sunt,

109 1257 156 1324 ut,
179 1244 236 1330 quo
258 1243 345 1308 modo
368 1264 455 1307 casus
478 1244 606 1307 nominis
628 1264 696 1307 cum
717 1243 810 1306 verbo
834 1243 1014 1320 cohaereat,
1042 1242 1218 1328 perdifficile

109 1350 152 1415 sit
170 1347 307 1412 divinare
332 1345 500 1429 legentibus
522 1345 659 1429 quidem
690 1366 760 1423 nam
782 1346 939 1411 audientes
963 1343 1218 1416 luciliusintelli·

98 1460 227 1536 'gerent
271 1447 322 1513 Sic
353 1448 427 1510 Eur.
456 1446 565 1510 Troad.
598 1445 674 1511 359.
698 1444 834 1534 Ἑλίκης
863 1451 968 1537 γαμεῖ
991 1472 1041 1535 με’
1057 1444 1220 1536 δυςτυχί·

110 1553 229 1640 οτερον
247 1542 376 1639 γάμον,
400 1549 432 1613 in
453 1548 592 1633 ambiguo
614 1560 662 1613 est
682 1561 783 1615 utrum
813 1550 871 1614 hoc
899 1551 1087 1636 significetur
1111 1559 1220 1638 γαμεῖ

109 1681 156 1743 με
181 1652 323 1743 δυςτυχὴ
355 1643 471 1740 γάμον
497 1661 533 1714 ut
560 1648 658 1725 νίκας
682 1650 861 1727 καλλίστας
882 1651 1065 1740 νενικηκυίς
1091 1645 1219 1726 αῦτοῦς

111 1759 188 1823 Plut.
212 1755 250 1821 V.
275 1755 344 1819 Pcr.
369 1754 425 1818 lX.
449 1763 481 1819 et
502 1754 642 1819 similiter
664 1755 754 1832 dicta,
782 1776 820 1819 au
848 1757 948 1842 potius
975 1766 1082 1844 γαμεῖ
1105 1780 1154 1842 με
1176 1792 1220 1805 -

36 1942 39 1957 ι
109 1856 253 1947 δηςτυχῆ
275 1881 313 1944 γε
333 1852 462 1946 γάμον,
495 1866 531 1920 ut
562 1855 640 1920 Plut.
670 1856 790 1922 Lucull.
812 1857 997 1923 XXXVIII:
1016 1855 1221 1946 Σερουιλίων

109 1965 236 2050 ἔγημεν
257 1952 335 2025 οῦδὲ
354 1959 480 2025 τοῦτον
504 1953 627 2047 ε’ῦτυχῆ
651 1955 779 2046 γάμον,
803 1971 834 2024 et
855 1961 977 2025 nornine
998 1957 1121 2047 proprio
1139 1972 1222 2047 post·

109 2063 206 2148 posito
229 2060 266 2125 V.
291 2059 367 2125 Sull.
390 2059 442 2125 Vl.
462 2073 567 2149 γαμεῖ
584 2052 699 2148 γάμον
728 2051 947 2134 ἐνδοξότατον
966 2061 1164 2145 Καικιλίαν,
1186 2073 1222 2127 et

112 2165 150 2229 V.
176 2163 252 2227 Mar.
284 2183 311 2226 c.
335 2159 388 2227 Vl.
417 2161 532 2252 γάμον
558 2165 663 2251 ἔγημε
695 2160 854 2249 λαμπρὸν
886 2162 994 2240 οἰκίας
1028 2164 1222 2254 ἐπιφανοῦς

109 2265 285 2341 Ἰουλίαν,Ι
303 2285 392 2350 quarn
424 2266 677 2331 constructionem
707 2286 762 2329 eur
796 2264 974 2333 Schaclcrus
1007 2270 1054 2349 ad¹
1072 2269 1145 2334 Vol.
1176 2267 1221 2334 ll.

111 2369 165 2436 94.
189 2367 326 2434 nonnihil
347 2367 455 2453 poetici
486 2368 596 2433 coloris
628 2367 739 2456 habere
768 2368 866 2445 dicat,
899 2389 1001 2453 parum
1022 2371 1221 2454 perspicitur.

112 2473 170 2538 Sed
192 2474 228 2537 de
250 2471 399 2556 plerisque
422 2469 490 2535 aliis
511 2469 613 2535 verbis
641 2469 724 2533 nulla
746 2491 813 2535 esse
846 2481 945 2556 potest
972 2471 1115 2536 dubitatio
1147 2474 1221 2559 quin

112 2572 271 2660 ultrumque
292 2574 495 2639 accusativum
517 2572 631 2658 pariter
650 2584 769 2659 regant,
792 2570 890 2652 λοξσίς
909 2566 1055 2662 κινήσεις
1076 2570 1140 2641 τδν
1157 2573 1222 2644 δοί-

113 2678 237 2743 κτυλον
252 2676 384 2742 κινοῦσι
407 2675 513 2739 Galcn.
529 2675 566 2737 de
577 2673 665 2738 aum.
688 2676 825 2740 Anacll.
842 2675 876 2753 9,
899 2675 953 2741 61.
974 2671 1138 2764 μιμήσεις
1152 2703 1224 2747 πο-

112 2776 218 2864 νηράς
244 2775 436 2862 μιμοῦνται
456 2773 536 2846 τοῦς
564 2773 752 2863 πολεμίους
776 2778 851 2842 Plat.
876 2778 970 2865 legg.
993 2779 1046 2845 lV.
1070 2778 1146 2845 705.
1174 2781 1218 2846 D.

112 2875 339 2948 ῦσποίσασδαι
370 2873 442 2962 τήν.
464 2875 639 2964 θυγατέρα
664 2874 746 2952 τοῦς
773 2880 988 2956 τελευταίους
1008 2878 1220 2971 ῦοπασμσῦς

114 2982 240 3068 Dionys.
263 2981 350 3045 Autt.
374 2977 431 3047 Xl.
458 2978 510 3044 37.
534 2971 688 3068 ζημιοίσω
711 2983 748 3048 ολ
768 2982 940 3050 παντοίαν
960 2985 1085 3071 ζημίαν
1097 2983 1217 3051 Julian.

114 3085 169 3170 Ερ.
193 3082 306 3148 LXIX.
331 3081 419 3159 129,
441 3081 593 3174 τῇτιμη,
616 3083 660 3170 ἢν
674 3082 775 3171 ἐτίμα
792 3083 926 3157 τοῦς-
940 3085 997 3150 Dio
1020 3086 1104 3152 Caes.
1112 3085 1220 3154 LXX.

114 3187 146 3252 3.
173 3182 230 3253 ὅτε
253 3188 290 3252 οὲ
314 3182 453 3273 ἐτίμησε
481 3177 645 3273 τοιαῦτην
674 3183 780 3274 τιμήν
805 3186 903 3272 Epict.
926 3187 1007 3252 Diss.
1032 3187 1057 3253 l.
1079 3187 1136 3267 29,
1158 3189 1217 3256 49.

113 3284 243 3376 ταῦτην
263 3284 328 3377 τήν
347 3284 454 3377 τιμάν
476 3281 716 3364 ἐκθειάσαντες
736 3285 797 3387 τδν
818 3289 949 3375 πατέρα
977 3291 1141 3356 Herodian.
1158 3291 1217 3358 lV.

115 3391 148 3456 3.
170 3387 278 3479 πυρία
306 3386 416 3478 αῦτήν
437 3405 526 3478 τρεῖς
542 3391 667 3479 πυρίας
686 3392 773 3478 Hipp.
796 3392 872 3456 Mul.
887 3392 911 3455 Ι.
929 3391 1004 3460 712.
1027 3395 1064 3458 T.
1075 3392 1114 3458 ll.
1132 3395 1221 3462 τοῦ-

114 3516 177 3561 τον
200 3496 318 3561 ἔλουσε
333 3491 372 3559 τδ
389 3490 496 3583 οἵγνδν
522 3487 664 3580 λουτρόν
683 3495 807 3578 Procop.
830 3493 903 3559 Arc.
930 3495 955 3559 l.
978 3518 1009 3582 p.
1033 3494 1065 3559 6.
1089 3492 1222 3587 ὁπορ-

116 3594 248 3687 μυρίων
260 3588 395 3664 λοῦεται
413 3595 452 3664 τδ
473 3596 543 3664 τῦν
564 3596 766 3684 περιστερῶν
782 3591 926 3688 λουτρόν
938 3597 1057 3662 Aelian.
1076 3600 1114 3664 H.
1129 3603 1218 3666 Ann.

116 3699 168 3764 lll.
192 3699 245 3766 42.
266 3721 305 3765 ac
325 3700 578 3784 frequentissime,
601 3697 717 3766 παίειν
751 3711 782 3765 et
808 3692 949 3768 τῦπτειν
978 3701 1056 3768 τινοί
1085 3699 1221 3780 πολλάς

116 3797 246 3892 πληγάς
266 3813 297 3866 et
317 3803 427 3866 similia
446 3800 567 3894 Antiph.
596 3803 646 3866 Or.
669 3800 721 3866 lV.
746 3801 820 3880 127,
847 3802 878 3866 1.
907 3802 997 3887 Soph.
1016 3804 1089 3871 Ant.
1115 3804 1218 3874 1398.

117 3903 357 3992 Xenoph.ldpl1.
382 3902 434 3967 Ill.
456 3903 490 3979 2,
514 3903 565 3969 35.
594 3903 654 3973 τδν
684 3897 936 3992 Ἑλλήσποντον
965 3904 1097 3978 ἑπίκετο
1119 3934 1221 3998 τριη-

71 4022 75 4035 ’
117 4002 233 4081 κασίας
255 4002 385 4093 πληγάς
413 4006 541 4070 Herodo.
566 4007 616 4071 lll.
640 4005 691 4072 35.
712 4009 843 4098 ῥαπίζει
862 4036 908 4098 με
932 4009 1066 4099 πληγιὶν
1088 4015 1221 4102 θυμοῦ
