2534 4492
253 153 312 221 llll
334 150 507 220 ulduno
530 152 886 223 sruuouoelcn.
910 157 940 242 ξ.
962 156 994 224 9.
1035 164 1038 171 ’
1091 156 1164 225 oto

59 328 108 402 ταλ
125 331 323 424 ἐργαστήρια
338 335 442 400 liban.
466 324 550 399 Decl.
572 354 601 418 p.
626 330 698 397 136.
720 333 755 399 Τ.
771 335 823 397 IV.
846 333 914 404 cirrd
928 335 998 404 τόν
1016 334 1161 426 βιβλίαν

63 435 190 512 Lnoian.
218 440 284 503 adr.
314 437 378 503 Ind.
406 438 434 521 §.
461 435 512 501 16.
541 458 569 520 p.
594 435 645 500 17.
673 436 709 502 T.
732 436 810 500 VIII.
856 439 958 524 Neque
978 441 1009 504 id
1031 460 1160 524 unquam

62 540 186 625 proprie
214 542 324 607 dietum
355 540 456 625 reperi
485 540 528 605 sic
555 549 589 601 ut
615 538 815 602 Alexandrini
841 554 1020 625 usurparunt
1047 543 1159 607 lenem.

56 640 178 705 XXVI.
201 642 232 707 5.
251 649 290 710 οἱ
309 641 440 732 ἰσχυροὶ
467 635 637 726 ἐκόπησαν
657 639 714 707 eal
735 639 826 730 φυγῇ
847 645 990 728 ἔφαγον,
1014 646 1090 728 quod
1109 656 1161 729 ge'-

62 763 122 807 nus
143 746 236 809 multa
266 747 341 829 opud
368 744 438 808 illos
461 743 670 826 reperiuntur,
699 736 822 833 οἷπειλῄ
844 738 1014 824 α’πειλεῑν,
1043 746 1160 833 φθορᾷ

53 947 151 1011 tione
172 950 236 1012 sed
264 949 363 1013 aliern
390 959 491 1025 tamen
519 966 538 1011 a
563 947 744 1012 Graecorum
765 947 981 1032 graeciensium
1004 959 1162 1012 consuetu·

57 1048 144 1125 dine,
167 1051 217 1115 cui
238 1051 313 1115 nihil
333 1053 379 1115 las
401 1062 448 1115 est
467 1061 587 1134 praeter
606 1048 741 1112 ordinem
755 1050 872 1135 affingi3
897 1051 963 1133 quis
978 1048 1071 1124 enim,
1095 1050 1162 1133 quia

56 1149 162 1215 Latini
186 1153 288 1217 dieunt
308 1153 470 1217 occidione
490 1151 644 1231 occidere,
666 1149 736 1214 hine
754 1164 980 1237 argumentetur
996 1153 1075 1215 diota
1096 1170 1163 1216 esse

61 1273 137 1337 quae
163 1247 313 1338 nunquam
338 1256 497 1340 leguntur,
534 1254 667 1318 lectione
694 1253 818 1337 legere,
855 1256 1017 1319 auditione
1038 1252 1161 1328 cadiae,

60 1356 186 1440 quodsi
207 1380 337 1442 unquam
357 1366 531 1440 usurpatum
552 1369 645 1431 esset,
671 1354 737 1421 sine
755 1357 961 1422 controversia
983 1358 1060 1420 idem
1081 1353 1164 1419 vale·

59 1460 121 1535 ret,
146 1459 222 1543 qnod
233 1458 331 1544 fumo
344 1469 378 1523 ct
397 1460 557 1524 cudc'tr'onc
579 1458 733 1540 acciprere,
757 1457 821 1521 slve
833 1457 941 1542 sendo
963 1461 1074 1523 audrie
1096 1481 1163 1523 curn

60 1561 152 1625 tacita
174 1563 359 1646 oppositione
381 1582 486 1625 eorum
507 1579 583 1644 quae
603 1559 663 1622 alia
685 1559 802 1623 ratione
824 1561 1020 1644 accipiuntur.
1065 1564 1163 1645 Atque

61 1661 150 1748 hujus
171 1663 367 1750 oppositionis
388 1663 455 1744 sive
476 1661 578 1727 verbis
599 1681 762 1744 expressae
783 1662 848 1726 sive
865 1664 1046 1746 cogitatione
1062 1664 1164 1727 adum·

61 1765 164 1829 lrratae
186 1767 232 1831 vis
254 1788 290 1831 ea
311 1776 370 1843 est,
393 1776 429 1830 ut
450 1764 546 1829 oratio
568 1773 599 1827 et
620 1762 743 1847 gravior
763 1764 815 1827 liat
836 1775 868 1827 et
888 1764 1056 1829 distinctior
1076 1767 1165 1843 utin

59 1865 168 1931 Esaiae
189 1869 290 1933 verlris
312 1868 369 1935 VI.
393 1866 426 1933 9.
449 1862 536 1957 οἷιοῄ
564 1856 727 1932 αἰοόοετε
746 1867 804 1935 ccl
827 1863 871 1933 οό
890 1863 941 1953 μή
963 1867 1087 1953 συνῆτε
1107 1866 1164 1934 uoti

57 1968 243 2057 βλέποντες
262 1972 407 2061 βλέψετε
428 1970 485 2036 acl
507 1963 549 2035 οὐ
568 1965 619 2056 μή
637 1968 741 2055 ὶίλητε·
759 1991 924 2057 quanquam
940 1970 1086 2056 politioris
1099 1990 1164 2035 ser·-

57 2071 157 2135 monis
179 2086 318 2137 auctores
340 2074 396 2137 hoo
417 2071 503 2162 οἷκοῄ
524 2063 660 2139 αἰιοόειν
682 2072 729 2136 nsi
752 2096 814 2139 non
835 2077 971 2139 suntsed
985 2074 1164 2161 synonymis

56 2173 110 2239 vel
133 2172 401 2235 homoeosemantis
422 2169 508 2258 όισῇ
528 2198 566 2236 τε
587 2168 700 2238 ιιλόειν
721 2170 873 2242 λεύσσειν
895 2173 930 2242 τ’
953 2173 1036 2264 όψιν
1058 2198 1164 2242 corum

55 2272 174 2338 ondz're
195 2281 228 2335 et
239 2281 437 2357 praesentem
458 2270 564 2332 cidere
584 2268 715 2332 Philoct.
733 2273 829 2339 1412.
852 2272 950 2342 αὐτοὶ
973 2276 1165 2362 ὁρέομεν-

54 2368 169 2460 λόγοις
189 2364 468 2457 ἐπυνθανόμεθα
490 2370 619 2433 Herodo.
639 2368 679 2433 ll.
698 2369 771 2434 118.
791 2385 823 2438 et
844 2397 910 2438 eum
932 2378 1033 2440 verbis
1047 2378 1164 2441 dicendi

56 2470 123 2544 οὐκ
144 2473 190 2542 οἷν
211 2477 344 2562 εἴποιμι
364 2466 449 2561 λόγῳ
471 2470 581 2537 achill.
605 2472 672 2535 Tat.
696 2470 776 2537 VIII.
802 2475 861 2552 11,
887 2475 958 2541 188.
983 2478 1088 2540 uerbis
1109 2500 1164 2543 eco-

51 2581 196 2667 prr'mere
212 2600 276 2642 ποιι
290 2597 420 2661 perstem
441 2575 492 2640 vel
512 2584 546 2636 ut
567 2573 689 2637 Plotius
714 2573 787 2638 (lod.
805 2576 974 2640 CLXXIX.
992 2576 1067 2671 299.
1092 2575 1166 2643 ode?

55 2686 131 2749 ἔστι
153 2675 238 2770 λόγῳ
260 2676 495 2765 παραστῆσαι,
524 2677 577 2741 sed
597 2675 650 2739 illo
672 2677 756 2740 modo
777 2676 880 2763 μείζω
901 2676 925 2765 ἢ
945 2679 990 2766 τῷ
1011 2672 1096 2768 λόγῳ
1117 2673 1165 2749 σ’ἶν

56 2807 109 2858 τις
118 2785 211 2873 εἴποι
224 2780 379 2848 Demosth.
394 2778 448 2858 68,
466 2777 520 2846 20.
537 2789 692 2863 κρεῖσσον
714 2776 737 2865 ἢ
757 2781 847 2859 λέξαι
866 2777 950 2871 λόγῳ
965 2783 1041 2847 Eur.
1060 2786 1161 2870 Suppl.

58 2885 136 2951 844.
181 2885 255 2949 ltern
278 2904 345 2948 cum
365 2881 467 2947 verbis
488 2881 595 2964 agendi
616 2878 660 2967 ἢν
681 2886 764 2969 ἔργῳ
787 2883 895 2951 ταῦτα
916 2884 1045 2975 πράξῃς
1066 2887 1161 2967 Isocr,

59 2987 137 3054 Phil.
153 3009 183 3073 p.
201 2985 275 3065 166,
291 2983 365 3053 120.
382 2995 414 3049 et
430 2986 513 3075 ἔργῳ
525 2975 755 3075 ἐξειργάσαντο
771 2986 828 3051 uio
844 2986 916 3052 Chr.
933 2988 983 3054 Or.
997 2990 1071 3055 XX.
1085 2989 1161 3055 498.

571 3174 599 3259 §.
616 3172 649 3240 9.

143 3290 248 3376 Neque
274 3289 371 3355 solum
398 3291 618 3377 perspicuitatis
644 3293 721 3357 ratio
748 3290 848 3357 habita
869 3304 917 3359 est
941 3305 973 3359 et
993 3295 1164 3380 significan-

56 3394 121 3461 tiae
141 3396 195 3458 sed
217 3394 319 3470 etiam,
347 3394 374 3457 si
394 3396 487 3459 verbo
510 3395 699 3479 praecedenti
720 3407 772 3460 aut
793 3397 931 3479 sequenti
952 3418 1061 3463 nomen
1082 3398 1163 3462 addi-

54 3509 125 3561 tnrn
145 3508 226 3561 esset
248 3496 463 3574 neceesarium,
485 3495 703 3582 aequabilitatis
725 3500 924 3563 membrorum
947 3521 1036 3564 causa
1055 3499 1163 3565 Graeci

52 3598 165 3676 verbo,
188 3600 265 3685 qnod
287 3597 371 3663 nullo
392 3598 592 3663 additamento
615 3610 737 3684 egeret,
765 3600 967 3686 adjunxerunt
988 3606 1098 3666 nornen
1118 3602 1163 3685 af7

53 3703 139 3779 line,
174 3699 259 3791 λόγῳ
289 3700 413 3769 εἰιλὲναι
440 3701 496 3769 acl
517 3698 633 3791 o‘pccdlp
655 3696 802 3787 ὁμιλέειν
823 3702 909 3789 Hipp.
936 3704 971 3768 de
993 3704 1106 3767 Antioc.
1130 3724 1161 3788 p.

53 3803 134 3871 149.
158 3806 194 3869 Τ.
218 3805 271 3869 111.
295 3796 379 3892 λόγῳ
401 3807 469 3891 μὲν
490 3805 636 3892 λε’γοαοι,
659 3806 741 3892 ἔργα
757 3799 1084 3872 ιλόόκοῖποόειιινόοι
1103 3804 1163 3870 He-

49 3907 143 3974 rode.
169 3906 222 3972 lV.
246 3906 279 3973 8.
301 3900 387 3998 λόγῳ
408 3909 476 3994 μὲν
489 3906 780 3997 λέγουσιν-ἔργῳ
796 3907 832 3974 «λλ
845 3907 937 3975 ἐστὶν
949 3902 1058 3979 eddela
1071 3906 1159 3973 Paus.

48 4008 138 4077 Vlll.
164 4007 223 4086 11,
246 4008 279 4074 4.
304 4002 352 4079 ὧν
379 4014 462 4101 ἔργῳ
492 4007 673 4097 πεποίηκε,
708 4004 841 4079 τούτων
867 4014 904 4077 ἐν
927 4003 1037 4096 λόγοις
1057 4007 1164 4100 κρίσις
