2534 4492
118 161 191 231 5511
333 108 341 119 ·
480 157 799 265 ntssnttTtttlo
828 159 867 226 V.

116 350 193 418 tcta,
215 360 339 425 quorum
359 340 448 426 leuge
465 339 596 405 maxima
613 358 683 424 pars
701 358 775 402 vere
796 337 956 423 adjectiva,
976 351 1082 433 cetera
1100 340 1226 426 adjecti·

118 464 224 509 rurum
246 443 409 518 simillima,
433 444 575 508 universa
595 452 695 505 autem
716 441 875 525 unistirpia
895 451 977 517 sunt,
1001 442 1058 507 hoc
1079 454 1143 520 est,
1166 445 1226 508 ‹lif-

116 545 262 610 ferentias
290 545 459 629 significant
485 546 550 620 rei,
586 542 635 609 cni
663 563 819 606 commune
848 555 895 607 cst
923 564 1033 608 nomen
1060 539 1164 631 ἄρτος
1192 559 1225 610 et

117 640 222 734 μοι’ζο,
244 668 368 731 eamque
390 648 425 710 olt
445 667 565 710 causam
586 656 639 709 aut
659 644 822 709 masculine
841 646 1027 739 appellantur
1044 647 1122 712 sicut
1139 648 1236 736 stup

115 746 172 816 τοί
192 749 278 814 Phut.
303 760 334 814 et
354 746 498 834 φρυκτοί
518 749 585 812 scil.
609 742 745 837 ἰχθύες,
776 758 830 811 aut
852 747 995 813 feminine
1021 749 1100 814 sieut
1124 751 1222 834 sepla-

115 851 179 916 siae
200 849 357 928 vocabula,
380 845 506 936 στοντή
528 840 636 937 stacta,
660 845 788 940 σχιστή,
813 845 956 937 φρνκτή,
978 847 1123 938 appetuni,
1145 878 1223 920 πισ·

115 949 213 1040 σηρη,
235 953 353 1031 lixivia,
376 957 540 1040 ἐζινμοτος,
564 953 776 1039 ἕχντλοστσς,
800 974 853 1036 pro
876 975 933 1037 quc
955 955 1138 1038 posteriores
1160 959 1221 1041 ἔμ-

113 1057 282 1142 πλοστρος
302 1056 477 1121 asciverunt
497 1077 528 1120 v.
550 1055 656 1121 Galen.
682 1057 718 1118 de
740 1055 843 1140 Cump.
862 1054 941 1118 Med.
967 1076 994 1138 p.
1016 1055 1093 1120 Gen.
1114 1057 1138 1119 l.
1163 1057 1219 1134 10,

113 1155 343 1222 407.r.x111.
367 1168 399 1221 et
420 1154 644 1244 σηπτή,·ησο(1
665 1158 703 1220 al
723 1149 868 1243 δύναμις
889 1158 1032 1221 refertur.
1071 1159 1147 1223 Hinc
1169 1181 1220 1226 se·

113 1271 243 1345 qucutur
268 1279 344 1342 quae
371 1259 490 1346 singula
511 1259 638 1344 siugulis
666 1259 808 1323 attributa
830 1269 901 1323 sunt
922 1261 1012 1324 rebus
1040 1261 1143 1325 eclam
1165 1284 1220 1346 gc-

112 1382 187 1426 nere
208 1382 267 1444 quc
288 1362 520 1439 substantivum,
540 1364 629 1446 cujus
649 1361 764 1425 vicibus
783 1362 950 1446 funguutur
970 1372 1004 1426 ut
1024 1354 1117 1448 (λετή,
1140 1365 1219 1431 πλε-

20 1487 23 1492 ·
110 1457 191 1548 σπη’,
231 1475 263 1527 ct
292 1485 454 1552 purcnyma
482 1463 693 1550 participialia,
730 1464 761 1527 it
788 1474 836 1529 est
864 1464 1024 1548 participiis
1052 1465 1220 1532 assimilata

110 1559 363 1654 ύστροχσλωτή,
387 1568 547 1653 plumbata,
571 1559 734 1652 λεπαστή,
757 1566 866 1632 cassita
879 1569 936 1650 ⁵⁴).
971 1566 1014 1631 lta
1032 1566 1157 1654 πλεκτη
1170 1572 1218 1654 ⁵⁵)

110 1668 253 1733 feminine
275 1670 449 1736 enuntiatur
472 1680 594 1754 propter
616 1679 833 1752 praestructum
860 1669 887 1733 ei
912 1690 1020 1733 nomeu
1040 1667 1217 1758 μήρινθος

108 1769 161 1835 vel
178 1784 313 1860 σχοῖνος
330 1772 380 1836 vel
399 1773 474 1859 quud
490 1772 636 1835 Homerus
655 1772 709 1835 ot.
724 1769 826 1834 XXll.
845 1768 918 1834 175.
938 1772 1088 1856 adjunxit,
1109 1768 1216 1861 σοιρύ.

107 1868 197 1958 Asca}
218 1875 305 1939 facilc
327 1875 461 1939 refertur
480 1875 517 1937 al
537 1869 676 1961 λαμπάς
695 1872 746 1938 vel
763 1868 835 1962 δᾴς,
858 1872 954 1960 ἐνετή
974 1877 1011 1939 al
1029 1871 1144 1964 πόρπη
1163 1879 1216 1942 vel

101 1967 254 2060 περόνη,
284 1968 418 2063 ἐριβύτη
433 1976 479 2061 ⁵⁶)
507 1978 543 2039 etl
570 1968 768 2062 οἷσοῖμινθος
794 1976 845 2040 vel
870 1975 994 2053 πύελος
1020 1979 1070 2043 vel
1097 1979 1214 2066 ύροίτη

104 2076 215 2140 Arcad.
236 2099 266 2161 p.
285 2077 357 2154 115,
379 2075 431 2142 18.
455 2077 582 2160 denique
604 2099 658 2142 cur
678 2069 789 2164 ἐρικτη
811 2078 911 2158 (Phot.
931 2101 958 2145 s.
974 2075 1125 2169 Hc'lpcc)
1146 2083 1212 2147 sive

105 2170 233 2266 λρεικτή
262 2180 359 2260 (Suid.
388 2201 415 2246 s.
437 2176 587 2267 Ἀθύρο)
615 2191 646 2244 ct
671 2171 820 2266 ποριύτη
834 2184 880 2266 ⁵⁷)
911 2183 1052 2249 feminine
1080 2206 1212 2269 pruuuu-

106 2282 231 2358 nentur,
254 2303 343 2347 causa
365 2304 426 2348 nou
447 2284 573 2349 aliaest
595 2303 681 2368 quam
704 2284 771 2368 quia
792 2276 884 2370 πύλη
906 2297 937 2350 et
954 2279 1059 2352 πιτύο
1082 2285 1138 2350 huc
1157 2309 1211 2371 ge·

105 2405 180 2449 uera
207 2384 352 2470 appellata
379 2397 466 2462 suut,
498 2408 623 2472 quarum
644 2406 746 2449 rerum
773 2408 834 2450 uun
857 2387 1054 2451 differentiam
1078 2387 1212 2468 (specili-

101 2489 193 2571 cam),
216 2489 268 2553 sed
291 2488 462 2573 qualitatem
484 2489 638 2554 declarant
658 2488 806 2575 adjectiva
826 2490 890 2564 illa,
914 2489 993 2554 sicut
1016 2508 1051 2552 ea
1070 2480 1208 2571 πύελος,

101 2588 134 2652 iu
162 2612 248 2673 quam
276 2589 405 2659 lavaturi
434 2594 635 2672 descendunt,
670 2585 806 2678 ἐμβύτη
832 2593 942 2658 dicitur
968 2603 1000 2656 ct
1025 2591 1051 2654 is
1080 2586 1208 2672 σίκνος,

100 2690 152 2773 qui
174 2712 235 2753 nou
257 2691 355 2755 editur
376 2693 436 2755 uisi
457 2703 611 2766 maturus,
640 2692 778 2766 πέπων,
807 2692 883 2771 quud
905 2691 1063 2772 plurimum
1086 2694 1171 2757 abest
1192 2715 1210 2758 a

100 2790 196 2876 primo
217 2811 329 2875 genere
352 2812 449 2875 neque
476 2790 549 2853 nihil
573 2791 721 2873 discrepat
748 2810 766 2852 a
788 2789 931 2853 secundo.
978 2791 1035 2855 Sed
1059 2793 1134 2857 nulli
1156 2795 1210 2859 hc-

101 2913 168 2956 rum
195 2893 283 2978 plane
311 2893 408 2957 simile
436 2892 557 2989 yidctur
581 2886 692 2976 πηντή
718 2891 896 2957 tendiculam
920 2915 1065 2980 aucupum
1094 2897 1208 2981 siguifi-

99 3015 190 3070 caus,
222 3015 296 3080 quae
318 2995 408 3060 aliter
427 2985 520 3082 πύχη
542 3004 668 3058 vocatur
693 3006 724 3059 et
744 2992 857 3084 ποηίς.
900 2994 1034 3082 Namque
1056 2996 1154 3085 ἐνετή
1177 3011 1208 3064 et

97 3089 232 3190 ἔμβοξτη
260 3097 412 3162 notionem
442 3096 613 3173 nominum,
649 3097 754 3184 quibus
784 3100 1003 3183 adjunguntur,
1036 3103 1207 3169 accuratius

98 3201 348 3266 circumscribunt
373 3199 427 3264 sel
447 3190 559 3287 πηντή
582 3200 656 3266 nihil
677 3201 802 3285 amplius
825 3202 955 3267 ostendit
980 3224 1067 3287 quam
1087 3202 1205 3292 ποχίς,

166 3442 210 3508 il)
226 3440 370 3495 llasculina
384 3441 463 3509 lustjus
479 3442 581 3509 pueris
597 3437 669 3496 sunt
675 3430 839 3512 pumicatis,
855 3437 1030 3505 disctinctis,
1047 3440 1207 3511 λοπιδωτόσ,

94 3525 248 3590 incestus,
267 3528 425 3591 manicatus,
445 3528 582 3595 galeritus,
601 3530 715 3591 auritus,
735 3529 841 3590 ratitus‚
860 3529 1005 3592 cinctutus,
1024 3537 1133 3583 nasutus
1151 3542 1203 3586 etc.

94 3627 122 3666 v.
142 3614 174 3665 ut
191 3614 264 3681 Ajac.
282 3614 348 3667 Atltl.
368 3631 402 3699 px
413 3616 473 3669 181.

163 3699 207 3764 ts)
229 3691 357 3767 Πλοπῆν
379 3699 411 3754 οἱ
425 3695 614 3779 'animasse
637 3698 731 3769 οτιροὶν
751 3699 816 3752 Pell.
836 3699 872 3753 X.
893 3702 951 3777 111.
989 3701 1136 3770 Oxytcuum
1160 3715 1205 3758 est

92 3785 185 3840 Aesch.
196 3787 307 3854 chocpt.
322 3787 383 3842 248.
398 3787 569 3840 llur.'l¹rcail.
585 3789 644 3841 ⁹58.
658 3793 845 3856 paroxytonum
858 3787 925 3838 Plut.
936 3787 1015 3852 nega.
1026 3787 1081 3840 Vll.
1096 3790 1157 3845 sat.
1170 3791 1201 3843 B.

91 3869 196 3925 irrisu.
216 3872 311 3940 Peripl.
332 3873 441 3943 Erythr.
460 3891 486 3941 p.
508 3875 549 3927 14.
569 3873 791 3927 annuntiantibus
808 3873 905 3940 ubique
921 3872 1005 3924 libris.

161 3957 206 4025 tt)
221 3958 260 4013 lic
277 3967 430 4012 secantur.
449 3959 559 4012 Dissert.
577 3959 620 4013 Vl.
780 4025 783 4029 ,

149 4043 203 4112 at)
218 4044 326 4100 Plotius
343 4036 472 4116 Ποριύτη
489 4042 549 4115 cipi
565 4047 696 4119 peplum
711 4037 774 4101 citt
792 4032 913 4114 ποριοτύ
930 4038 1073 4108 σ’ξοτὸνωο.
