2534 4492
120 162 176 231 ult
190 159 325 229 uotuu.
340 154 495 267 uultur.
511 154 565 220 ΚΓ
579 153 705 221 SUBST.
722 156 815 225 curt.
831 156 966 226 AMBlG.
989 161 1018 247 ἕ.
1036 161 1088 229 11.
1117 164 1182 233 lm

80 330 213 409 mimula
234 343 272 407 ad
292 340 445 409 notionem
464 337 528 424 τῆς
543 335 697 422 κορυφῆς
712 339 861 404 referrent
881 342 933 405 sed
952 362 1008 427 par
1025 364 1059 408 se
1077 344 1182 429 ipsam,

80 466 194 530 genere
216 456 314 509 autern
336 441 482 507 feminino
503 460 577 504 usos
597 459 665 502 esse
688 439 725 501 oh
748 442 867 505 eandam
889 464 1027 522 cansam,
1051 469 1108 531 qna
1129 472 1186 516 eo-

78 539 176 634 ρυφή
197 547 341 612 feminine
362 544 582 633 appellaretur,
613 552 644 604 et
668 538 809 604 similiter
830 540 851 626 ἦ
871 544 1018 630 τρίοδος,
1047 547 1187 637 ἦᾰμα.

82 644 177 730 ξιτός.
200 650 270 734 qnia
290 641 379 722 ὁδός,
398 644 572 722 κέλευθος,
591 642 705 728 οἶμος,
727 639 857 728 τρίβος,
878 642 987 732 dyved,
1011 672 1097 736 agea,
1120 654 1184 731 vin,

78 752 227 815 feminina
254 761 337 814 sunt.
382 748 428 810 Ac
457 747 483 809 si
511 745 685 830 simphcinm
716 766 813 829 genus
844 765 901 829 qua
928 753 1043 817 ratione
1072 755 1188 821 nitatur

78 852 258 938 plerumque
284 852 501 932 incompertum
523 858 589 923 est,
619 847 685 931 quis
707 847 836 911 sollicite
862 862 987 931 quaerat
1008 875 1061 916 cur
1085 854 1108 941 ἦ
1130 852 1188 933 ξύ-

79 957 184 1044 λοχος
206 955 322 1017 dicatur
344 964 375 1015 et
395 944 590 1039 ddpdopoc?
620 949 786 1012 Fortuitum
806 960 864 1029 est,
889 952 966 1034 quod
986 956 1187 1026 nomina'vite

77 1057 237 1122 individua
257 1056 289 1119 in
311 1075 366 1118 usu
387 1062 506 1117 retenta
523 1063 608 1127 sunt,
633 1072 707 1135 quae
727 1052 754 1115 si
776 1052 808 1115 in
825 1053 921 1137 prima
941 1055 1063 1138 linguae
1080 1059 1187 1126 lahrien

77 1158 325 1232 intercidissent,
355 1176 444 1218 namo
465 1153 567 1222 dicere
588 1165 693 1239 posset
714 1175 768 1218 cur
788 1150 811 1240 ἦ
831 1157 994 1235 πλατεῖα,
1020 1153 1043 1242 ἦ
1066 1182 1189 1228 caecu-

77 1285 158 1340 πος,
181 1248 402 1346 ἡλςοφόρος,
421 1253 446 1342 ἦ
465 1249 699 1343 ἄμαξιὶλοτος,
721 1267 827 1332 strata,
850 1259 969 1349 semita,
994 1261 1191 1329 enuntientur

78 1384 195 1450 genere
216 1360 371 1425 feminino.
411 1359 456 1422 Ac
477 1361 610 1444 prolecto
634 1359 700 1422 lieri
720 1370 837 1443 potest,
860 1372 990 1444 atquae
1014 1364 1099 1426 nobis
1123 1365 1191 1429 suh·

79 1467 215 1532 stantiva
232 1465 373 1527 videntur
389 1460 553 1546 primitiva,
572 1481 678 1543 reapse
696 1462 843 1544 adjectiva
857 1462 919 1525 sint
935 1466 998 1539 vic,
1017 1455 1188 1553 dyvedffl).

79 1569 140 1633 Sed
166 1578 201 1631 ut
227 1566 302 1629 haec
324 1563 476 1638 omittam,
508 1583 584 1645 quae
606 1562 695 1646 longe
721 1563 757 1624 ah
782 1562 982 1648 intelligentia
1004 1579 1108 1633 nostra
1132 1570 1192 1634 dis·

77 1674 184 1758 juncta
206 1678 296 1743 sunt,
324 1666 378 1730 illa
399 1666 436 1728 de
458 1664 628 1748 compositis
650 1665 801 1747 quaestio,
833 1687 919 1750 qoam
942 1670 1117 1735 adumbrare
1141 1693 1191 1736 co·

83 1774 148 1838 nati
171 1792 286 1846 sumus,
308 1769 342 1832 in
363 1788 447 1831 meas
467 1777 568 1851 partes
590 1767 777 1830 successuris
798 1768 961 1832 studiosius
983 1776 1192 1855 pertractanda

80 1876 155 1952 erit,
178 1874 206 1938 si
228 1893 285 1957 qua
306 1873 343 1935 ad
364 1871 480 1934 exitum
502 1870 623 1952 perduci
644 1869 749 1953 possit.
786 1870 928 1954 Equidem
953 1870 1008 1936 hoc
1030 1873 1096 1937 loco
1118 1876 1193 1940 nihil

80 1978 164 2042 ultra
190 1977 526 2058 addam‘praaterquam
555 1973 591 2035 de
616 1982 759 2059 accentu,
792 1995 830 2037 ne
857 1975 923 2057 quis
952 1975 1021 2040 hinc
1045 1979 1192 2043 auxilium

82 2091 178 2165 petat.
224 2077 354 2140 Primum
382 2075 501 2138 nomina
523 2075 656 2139 verbalia
682 2076 714 2138 in
739 2062 807 2162 pc—o}
828 2079 989 2155 exeuntia,
1017 2080 1084 2144 sive
1106 2103 1192 2168 para·

82 2181 229 2268 synthetn
250 2190 322 2243 sunt
343 2179 612 2260 sive-composita,
642 2179 729 2241 modo
749 2190 905 2244 accentum
927 2181 1105 2265 simplicium
1127 2205 1192 2248 ser·

80 2293 176 2359 vant,
210 2271 479 2370 οἶκοοχειοιομός,
509 2273 745 2364 ζογοοταθμός
771 2281 921 2344 Plutarch.
949 2284 984 2346 de
1010 2284 1080 2348 Fac.
1109 2285 1189 2350 Lun.

79 2376 1206 2475 xv.50.T.x111.uotoneacpdgflesynl.tpaevetpposs,epo-·

78 2477 268 2572 κολςγμός,
289 2478 521 2600 κοςολογμός,
540 2478 780 2567 pcpltcudptoc,
801 2480 1083 2569 ὁπλοκαθορμός,
1106 2491 1191 2554 modo

79 2587 265 2661 retrahunt,
286 2577 525 2672 βούοτοθμος,
545 2573 810 2669 youucddecpcoc,
830 2577 1048 2671 ζογόδςομος,
1070 2586 1193 2659 κοιλιό-

81 2691 228 2777 δςσμος,
252 2681 486 2770 κονόδςομος,
522 2675 822 2770 οτρωματόὸοομος
853 2686 949 2771 (quod
980 2709 1191 2778 nonnunquam

82 2793 204 2859 acuitur
225 2811 257 2854 v.
281 2791 318 2853 ad
340 2788 453 2873 Phryn.
477 2809 507 2871 p.
525 2784 638 2869 adt),
663 2785 899 2874 οκελόδεομος,
922 2783 1175 2880 w‘pddaopcng,
1150 2818 1191 2863 sp.

84 2896 199 2961 nuiliter
227 2891 383 2978 adpectivis
412 2886 626 2976 λινόδεομος,
656 2884 861 2979 λογόδεομος
890 2905 949 2958 etc.
996 2895 1071 2960 Τιιιιι
1101 2898 1192 2963 aliter

84 3000 213 3084 figurata
233 2997 298 3060 sine
320 2984 381 3058 ullo
404 2993 644 3075 coordinatorum
667 3002 698 3056 et
717 2994 978 3059 subordinatornm
999 2998 1188 3065 discriminat

86 3089 328 3184 lcnorcocepcdc
345 3097 482 3159 Damaso.
500 3094 586 3158 Phot.
606 3094 680 3157 (lod.
697 3096 863 3159 MXLVlll.
884 3096 957 3161 557.
983 3098 1106 3164 latinum
1128 3102 1191 3186 hip-

88 3213 259 3286 popotauaus
281 3210 316 3263 ut
333 3190 524 3281 Areopagus,
542 3198 617 3280 quod
640 3196 806 3282 elegantius
824 3199 977 3263 ‘dirimitur
998 3208 1104 3278 ἵππος
1124 3230 1192 3272 πο-

44 3320 48 3327 ’
85 3295 211 3389 solutor
232 3302 361 3366 llerodo.
386 3299 424 3363 ll.
448 3297 501 3362 71.
526 3298 676 3362 Plutarch.
701 3301 737 3362 de
759 3299 799 3364 ls.
824 3322 852 3364 c.
876 3300 929 3366 32.
954 3315 986 3367 et
1007 3303 1060 3368 50.
1087 3307 1186 3370 Strah.

86 3404 159 3470 XV.
179 3403 254 3470 7⁰7.
277 3402 397 3466 Arrian.
417 3401 483 3465 lnd.
502 3399 555 3465 Vl.
576 3398 629 3464 38.
653 3421 685 3466 v.
704 3400 871 3466 Tzschnck.
894 3405 931 3467 ad
949 3406 1020 3472 Mol.
1045 3407 1114 3473 Vol.
1135 3406 1186 3472 lll.

94 3574 302 3591 m·-

159 3690 205 3757 dl)
228 3691 373 3758 Stephanus
388 3679 478 3757 ’Apud
501 3684 588 3759 (capul
604 3686 637 3745 ed
656 3684 722 3762 dyo)
739 3687 773 3748 eis
789 3688 866 3763 παρὰ
883 3688 917 3750 td
933 3689 1006 3765 ἅρπη
1028 3687 1121 3764 (ἕρποι
1139 3694 1189 3748 lle·

90 3777 188 3830 rodim
210 3792 250 3844 up.
268 3779 348 3830 Orion
365 3792 390 3844 p·
407 3776 466 3843 28.)
483 3768 600 3843 ἅρπυια,
618 3771 703 3848 ὀρέγοι
721 3776 823 3850 ὅργοια.
849 3774 961 3848 Ἅρπυια
979 3789 1049 3833 certe
1067 3779 1190 3845 adpeotivi

90 3862 174 3916 simile
196 3871 228 3914 nt
246 3866 345 3918 αἶ’θυια
368 3864 387 3914 i.
407 3878 432 3929 q.
452 3856 537 3929 οἶθὴ,
560 3863 629 3915 duic
652 3863 670 3915 l.
690 3878 716 3930 q·
733 3860 805 3918 θῦοο
828 3866 871 3933 (ut
887 3868 976 3935 φθῗοο
996 3861 1114 3934 silente}
1131 3863 1190 3922 dud

86 3951 209 4018 φθίσιος
224 3949 349 4018 Hesych.)
366 3949 434 4016 epod
450 3947 655 4016 tymphanum,
678 3944 835 4019 Ὠρείθυια,
854 3945 1026 4014 Κολλίθυιο,
1049 3949 1097 4005 illa
1114 3971 1132 4008 a
1149 3955 1188 4010 fu·

84 4035 167 4086 modo
184 4036 316 4088 nominata
332 4042 364 4088 nt
380 4029 497 4099 θύελλα,
519 4033 582 4085 taen
598 4049 616 4086 a
631 4034 807 4087 sacrificando.
