2534 4492
104 158 175 225 tta
295 168 298 173 ’
465 152 786 223 utssttttuatto
813 156 873 223 Vl.

104 337 306 423 interpositis,
330 346 365 401 ut
388 336 421 401 in
441 335 590 399 Ammonii
612 334 691 411 ioco,
716 336 852 403 terminis
873 337 991 417 modiis,
1015 358 1087 422 quos
1108 337 1211 402 Diale·

106 441 178 508 clici
207 449 329 505 vocant.
381 438 526 523 Equidem
555 438 754 502 Herodianum
781 439 866 503 illum
897 440 942 505 sic
969 451 1213 525 argumentatum

105 564 172 610 esse
193 526 344 616 arbitror,
365 535 548 628 φιλοπότης
574 561 592 603 a
611 534 717 614 πότος
744 544 935 626 compositum
957 543 1129 627 significare
1149 541 1213 610 adu

106 641 295 734 φιλόποτοη
310 655 343 709 ut
363 641 580 734 βραχυπόπης
601 642 711 707 dicitur
731 665 766 711 ac
790 637 1012 735 βραχθποπος,
1035 646 1089 709 sed
1112 645 1211 730 φιλο.

103 745 222 834 πῶτηη
248 749 397 814 nominari
420 768 487 812 eum
509 745 546 819 ὃς
567 745 657 831 φιλεῖ
690 740 804 832 πώνης
833 747 946 828 εἶναι,
974 768 1010 813 ae
1037 748 1158 811 nescio*
1174 769 1211 815 su

103 873 156 935 pro
179 851 234 914 hoc
254 847 369 937 πιότης
394 871 482 935 quum
506 859 614 912 testem
637 848 731 915 citare
753 873 815 915 non
836 862 956 934 posset,
978 851 1146 934 analogiam
1168 860 1209 915 at·

102 954 208 1018 tulerit
229 956 394 1038 speciosam
414 951 509 1035 magis
532 971 619 1034 quam
640 973 742 1015 veram
758 953 889 1018 nominis
902 954 985 1019 attici
999 953 1117 1038 πῶμα.
1152 951 1212 1017 Ne·

104 1076 161 1140 que
184 1058 378 1142 negaverim,
409 1053 630 1118 distinctionem
660 1054 742 1119 illam
770 1055 928 1138 aliquando
964 1067 1213 1141 peropportunam

102 1179 181 1235 esse,
206 1180 274 1222 nam
297 1180 357 1222 non
381 1177 485 1222 omnes
508 1155 559 1242 qui
580 1147 701 1228 πότοις
720 1154 929 1236 oblectantur,
954 1170 1107 1242 potatores
1128 1167 1211 1234 sunt,

103 1282 139 1325 ac
161 1258 344 1347 φιλοπότης
369 1264 445 1346 apud
467 1261 696 1346 Aristophanem
718 1280 840 1343 prorsus
870 1282 936 1324 eam
963 1261 1211 1345 significationem

103 1361 203 1438 habet,
228 1385 313 1448 quam
337 1363 406 1428 huic
428 1367 542 1429 formae
564 1363 699 1448 assignat
720 1363 958 1439 Grammaticus,
982 1365 1036 1428 sed
1057 1373 1092 1427 ut
1114 1363 1210 1450 φιλο-

100 1461 214 1550 πῶπης
235 1467 338 1530 eodem
361 1467 518 1533 intellectu
548 1467 608 1532 dici
635 1488 698 1531 non
719 1467 831 1551 possit,
865 1487 1054 1554 nequaquam
1081 1466 1149 1530 veri
1169 1466 1210 1530 si-

102 1567 172 1631 mile
194 1577 349 1652 totumquo
372 1570 531 1634 discrimen
562 1592 623 1634 uon
652 1569 881 1654 significationis
910 1568 965 1635 sed
984 1569 1109 1642 ,formae
1130 1589 1210 1645 ease,

100 1670 258 1756 superiora
280 1673 421 1757 exempla
441 1673 631 1738 manifestum
654 1672 779 1737 faciunt.

601 1844 630 1929 §-
654 1843 708 1910 12.

187 1963 233 2025 De
254 1962 535 2037 terminationibus,
573 1984 645 2046 quas
679 1963 712 2025 in
742 1959 797 2023 hac
824 1961 1036 2028 dissertatione
1070 1963 1257 2044 tractavi,..

103 2063 227 2129 subinde
249 2064 292 2125 ita
313 2082 379 2125 sum
402 2062 541 2145 loquutus
567 2083 602 2125 ac
623 2063 650 2125 si
671 2082 690 2125 a
710 2061 806 2144 prima
833 2071 867 2125 et
886 2063 977 2127 tertia
997 2065 1125 2148 perfecti
1146 2086 1257 2150 pas-

100 2164 158 2229 sivi
185 2184 315 2247 persona
343 2163 494 2226 derivatas
525 2174 614 2246 atque
642 2183 804 2246 expressas
836 2175 984 2249 putarem.
1030 2166 1122 2251 ldque
1152 2161 1257 2231 fec?

101 2267 240 2351 exemplo
263 2277 402 2330 veterum
424 2267 592 2342 doctorum,
615 2265 664 2350 qui
688 2287 777 2349 quum
799 2269 921 2333 nomina
942 2268 1073 2335 verbalia
1096 2269 1257 2333 ordiniffi

101 2381 132 2435 et
152 2369 354 2454 dispositionis
377 2389 467 2433 causa
488 2368 650 2431 secuudum
672 2360 757 2433 verbi
778 2369 872 2453 ipsius
906 2370 1004 2433 flexus
1030 2370 1257 2441 distribuere?

99 2472 316 2547 instituissent,
339 2471 414 2535 nihil
436 2482 496 2535 tam
511 2482 745 2535 consentaneum
760 2481 838 2547 erat,
862 2493 947 2556 quam
970 2482 1004 2535 ut
1025 2474 1252 2554 unumquod-

100 2596 157 2662 que
179 2597 290 2641 nomeu
315 2575 343 2639 ei
365 2575 549 2660 subjicerent
570 2573 715 2658 tempori,
746 2575 832 2658 cujus
857 2575 894 2637 ad
916 2573 1139 2637 similitudinem
1163 2597 1225 2639 ac·-

102 2679 223 2741 cederet
243 2677 449 2760 proxime⁶⁶).
493 2676 597 2758 Neque
626 2687 726 2737 tamon
755 2674 824 2739 huic
851 2677 975 2760 regulae
1002 2676 1221 2760 superstitiose

99 2776 260 2840 inhaerent
280 2779 332 2841 sed
355 2776 449 2839 libero
473 2787 504 2840 et
528 2776 668 2858 expedito
691 2796 811 2859 gressu,
839 2798 1015 2862 quocunque
1037 2799 1087 2841 res
1110 2790 1141 2843 et
1162 2801 1211 2843 ra·

99 2879 143 2945 tio
167 2888 275 2956 vocat,
298 2880 470 2943 devertunt.
529 2877 632 2943 Schol.
654 2877 692 2944 ll.
723 2877 770 2948 A.
802 2877 877 2943 104.
908 2875 1014 2969 ὥςπερ
1044 2875 1114 2953 daed
1145 2880 1209 2963 aad

172 3175 216 3242 dd)
236 3176 287 3245 Qui
304 3172 410 3248 εὑρετής
431 3186 458 3230 et
475 3179 570 3231 similia
589 3181 685 3233 aoristo
708 3181 864 3233 subnectunt
885 3183 1065 3250 potiusquam
1084 3182 1209 3250 perdocto,

101 3264 127 3317 hi
140 3271 167 3315 et
181 3264 331 3330 disciplinae
348 3272 462 3318 tenorem
476 3267 629 3334 perturbant
642 3273 668 3318 et
679 3283 769 3336 parum
789 3275 896 3334 prosunt
912 3269 1050 3334 tironibus,
1064 3270 1109 3336 qui
1131 3286 1209 3337 quum

100 3352 185 3418 θέτης
196 3365 253 3400 cum
269 3348 368 3420 ἐτέθην
381 3352 595 3419 comparaverint,
615 3363 718 3421 praeter
731 3353 844 3405 vocalem
856 3355 940 3405 omnia
953 3363 1054 3406 mutata
1068 3357 1208 3422 reperient.

101 3436 141 3491 Ab
153 3438 198 3488 illo
214 3445 328 3503 temporo
344 3440 408 3491 nihil
421 3441 547 3491 commode
563 3442 644 3507 repeti
663 3448 746 3509 potest
761 3441 811 3491 nisi
827 3431 963 3507 ἐσταθὴς,
978 3435 1125 3508 meraritis,
1143 3459 1210 3510 quaa

101 3524 249 3577 terminatio
259 3539 395 3577 consonam
410 3529 484 3578 theta
502 3543 656 3579 communem
673 3527 752 3578 hahet
763 3542 819 3578 cum
833 3527 984 3593 imperativo
1001 3523 1093 3592 στῆθι,
1114 3526 1210 3593 κλῦθι,

101 3627 158 3665 cusa
171 3606 287 3678 persenis
307 3613 418 3679 passivis
438 3611 618 3680 τυπτόμιθα,
641 3611 794 3676 vincariis,
817 3629 876 3667 cum
899 3613 1070 3665 substantivis
1088 3611 1209 3684 πλῆθος,

100 3697 198 3767 pipios,
218 3704 245 3748 et
263 3713 319 3749 cum
330 3699 512 3764 praesentibus
525 3701 586 3766 ipsis
599 3696 714 3768 πλήθη,
733 3689 823 3767 vq'bo,
842 3699 944 3770 πρὴθω
958 3706 1007 3751 etc.
1044 3697 1133 3767 Neque
1150 3717 1210 3779 qcr·

103 3786 187 3837 suasit
202 3784 265 3836 mihi
277 3785 420 3837 Boeclrhius
437 3785 511 3852 Corp.
528 3785 607 3836 lusor.
617 3786 637 3837 Ι.
654 3786 714 3839 881.
732 3801 765 3836 ex
780 3779 884 3856 α’μείβπ
904 3788 1012 3854 primum
1031 3786 1129 3838 factum
1151 3804 1211 3840 esse

101 3859 232 3939 ἦμειβται
251 3878 279 3922 et
293 3866 446 3942 ἤμείβθην,
466 3873 511 3922 sed
527 3874 640 3940 antiquis
658 3873 786 3923 assentior
805 3871 999 3934 Grammaticis,
1019 3881 1049 3924 ut
1069 3875 1100 3925 ab
1119 3877 1211 3944 ἕτυψα

102 3949 254 4024 ἔτυηιέμην,
272 3959 309 4010 sic
324 3959 355 4008 ab
366 3952 490 4029 ἥμειφας,
507 3960 574 4025 quod
585 3961 611 4010 in
625 3966 681 4012 arta
695 3959 809 4026 ponitur,
822 3952 940 4026 ἦμπψαι
953 3965 981 4009 et
1000 3967 1087 4010 cetera
1106 3977 1210 4027 proces-

103 4038 177 4092 sisse.
210 4040 283 4096 Unde
294 4044 363 4096 enim
377 4037 487 4115 δραχμή
501 4052 530 4098 at
543 4046 639 4099 similia
653 4046 704 4100 nisi
724 4062 758 4099 ex
777 4045 960 4115 anticipatione
982 4046 1090 4115 perlecti
1108 4047 1211 4100 activi?
