2534 4492
80 132 162 254 'tea
439 176 753 250 ntssttttrttrto
785 179 825 249 V.

92 367 174 443 ruit,
203 365 360 450 quominus
390 363 423 427 in
443 359 642 426 Andromaobi
662 380 755 426 versu
774 360 877 427 Antid.
893 359 918 426 Ι.
940 361 1036 449 pto.
1058 363 1095 430 T.
1106 364 1194 433 XIV.

91 470 148 537 ιιαλ
169 465 314 555 λίβανον
339 463 475 553 αἰσγοιο
501 462 559 532 καλ
587 459 731 550 α’γλαλην
759 455 911 551 caduceo,
934 464 989 530 boc
1010 450 1192 554 adjectivum

92 591 159 636 esse
181 580 340 646 statueret,
364 570 443 641 ἴσως
465 562 530 652 τήν
556 562 699 652 α’γλαΐην
724 563 889 634 ἐπίθετον
913 568 977 635 τοῦ
996 569 1192 659 λιβανωτοῦ

90 672 135 761 τῷ
160 670 357 740 συντιθέντι
374 667 439 756 τόν
456 665 603 763 ἐλεγείαν
623 665 713 743 ἔδοξε
730 674 946 758 προσθεῖναι,
969 672 1047 737 idem
1061 674 1193 738 fortasse

70 775 214 840 ,Gratiae
249 793 358 838 nomen
388 767 522 859 Ἀγλανι]
551 768 728 854 adjectivum
762 792 831 837 esse
866 774 1061 860 opinatus⁷⁸).
1107 775 1193 856 Quod

89 884 124 942 ut
144 900 248 964 purum
269 877 421 940 fundatum
442 871 598 947 videatur,
620 881 721 936 tamen
743 875 887 940 dubitatio
909 876 1045 941 subsistit
1058 878 1096 940 r'u
1120 878 1188 943 aliis

84 981 147 1065 jam
169 980 331 1065 antiquitus
353 985 443 1040 muta.
489 971 588 1036 Sobel.
613 972 649 1036 ll.
667 972 722 1037 tx.
743 975 818 1041 240.
835 983 873 1045 ἐν
892 977 979 1070 δοιῇ,
1002 983 1040 1045 ἔν
1057 978 1190 1068 decoop-

87 1107 153 1170 pop·
184 1077 431 1170 περισπαστέον
456 1071 502 1141 δέ·
536 1073 650 1162 δοτική
686 1073 749 1164 τδρ
783 1073 977 1154 dedicandos
1001 1076 1122 1168 εὐνοίᾳ
1141 1081 1188 1171 τῷ

87 1180 190 1266 δοιός,
214 1177 257 1251 οδ
275 1179 314 1249 τό
332 1173 485 1264 θηλυκόν
511 1174 601 1264 dccci,
631 1200 688 1263 quo
721 1201 864 1245 concesso
894 1183 999 1246 eodem
1025 1184 1188 1267 adspirabit

86 1280 220 1373 διπλόη,
243 1282 317 1368 quod
341 1281 397 1344 etsi
425 1280 638 1344 contractionis
666 1302 760 1366 aeque
787 1304 896 1368 expers
927 1296 974 1349 est
999 1306 1035 1349 ac
1062 1286 1185 1373 μηλέα,

86 1401 186 1454 tamen
209 1382 382 1450 Eustatbius
413 1402 443 1467 p.
467 1380 544 1456 427,
566 1383 620 1450 24.
644 1395 676 1448 et
696 1383 772 1460 934,
795 1382 848 1449 36.
874 1407 940 1450 cnm
961 1384 1095 1468 κεστός,
1126 1394 1186 1457 ἕα-

84 1484 155 1567 νός,
175 1485 297 1575 ἡμέρα,
320 1482 457 1573 σταδόη,
481 1480 688 1574 αδτοσταδόη
715 1500 887 1573 comparat,
917 1505 979 1554 non
1008 1493 1105 1557 solum
1134 1493 1186 1558 ubi

83 1585 201 1677 διπλόη
223 1590 344 1679 χλαῖνα
361 1588 426 1653 sive
449 1586 579 1663 διπλολς
600 1591 770 1667 denotatur,
793 1592 845 1656 sed
867 1593 957 1657 etium
978 1594 1011 1657 in
1032 1595 1188 1679 siguifica-

82 1676 165 1758 tione
191 1689 353 1778 qualitatis.
404 1689 494 1754 Aliud
527 1692 696 1777 exemplum
724 1693 891 1779 Hesychius
919 1698 1059 1781 praebet:
1091 1700 1188 1764 Σπα

81 1792 163 1865 otoo
185 1792 250 1882 τήν
274 1786 495 1881 σπανιότητα,
519 1790 563 1869 oin
587 1790 687 1862 όσλαν
710 1791 775 1881 τήν
793 1790 969 1884 ὁσιότητα,
999 1821 1057 1884 quo
1086 1799 1187 1864 decia·

82 1920 153 1966 rare
190 1899 308 1964 videtur
324 1906 492 1980 *utrumque
521 1916 589 1961 esso
616 1896 818 1982 adjectivum,
848 1899 952 1984 prius,
982 1912 1016 1966 ut
1043 1916 1134 1978 reor,
1164 1924 1184 1968 a

84 1978 212 2072 ’σπανός
226 1999 365 2078 ductum3
387 2018 484 2081 neque
506 1998 636 2062 dubitem
657 1995 745 2080 όσλα,
767 1994 878 2089 didio,
898 2001 1064 2091 μακαρία,
1091 2000 1182 2083 οἷξόα,

81 2097 219 2180 α’ποιξία,
243 2096 365 2176 α’ναξῖα
388 2100 434 2182 (v.
457 2099 557 2184 Heyn.
581 2101 629 2164 ad.
652 2100 750 2186 Epist.
774 2103 872 2168 Euob.
897 2127 924 2171 o.
948 2104 1019 2192 36.)
1046 2106 1079 2170 in
1102 2107 1183 2173 bunc

81 2206 238 2275 admittere
264 2223 434 2268 numerum.
478 2199 592 2266 Verum
622 2201 679 2266 bun
707 2204 839 2271 deductis
862 2229 972 2273 vercor
1000 2229 1037 2272 ne
1066 2209 1184 2274 difficile

81 2310 121 2376 sit
143 2308 266 2396 gradum
288 2305 438 2371 sustinere
463 2302 513 2370 via
535 2304 648 2369 lubrica
680 2317 711 2371 et
736 2309 901 2396 praecipiti.
954 2309 1029 2375 Nam
1061 2322 1187 2394 praeter

78 2398 152 2486 iila,¹
167 2430 241 2494 quae
259 2410 321 2496 jam
343 2428 486 2494 percursa
507 2418 598 2485 sunt,
630 2409 759 2494 undique
780 2412 947 2476 redundant
967 2410 1183 2476 vocabulorum

77 2514 191 2578 formae
213 2512 375 2598 ancipitem
399 2507 570 2601 όριισνόα,
600 2508 806 2600 α’ναιιτορόα,
830 2509 1025 2601 ἐλευθερία,
1047 2517 1184 2582 ἐπικοιν-

77 2610 147 2702 ρία,
169 2613 305 2706 ἡσυχία,
331 2611 457 2690 ἱκεσία,
483 2613 662 2700 ἰσημεριά,
685 2615 866 2701 νιρτομόα,
888 2613 1053 2704 μειλιχόα,
1074 2615 1179 2695 ξενία,

76 2716 243 2803 οἷκονρόα,
270 2712 464 2802 momberric,
495 2712 654 2800 σωτηρία,
675 2712 856 2799 όπερτερόα
881 2717 1060 2800 (superbia),
1084 2718 1182 2806 φιλία’

77 2830 135 2885 etc.
160 2839 235 2903 quae
257 2816 284 2880 si
305 2816 438 2878 actiones
461 2825 492 2877 et
512 2814 669 2897 qualitates
691 2814 872 2898 significant,
895 2838 957 2880 non
970 2840 1023 2903 pro
1042 2822 1203 2886 substan·

76 2922 149 2988 tivis
173 2923 225 2986 sed
247 2918 432 2984 substantiva
451 2934 539 2991 esse,
563 2917 727 2981 communis
760 2928 806 2981 est
837 2919 990 2985 doctorum
1012 2925 1177 2990 sententia.

77 3025 181 3110 Neque
203 3044 259 3108 ego
281 3021 334 3085 iiia
355 3029 459 3084 vetere
484 3016 670 3101 possessione
699 3020 856 3084 deturbare
884 3025 1025 3087 conabor.
1049 3024 1060 3045 ·’
1071 3026 1129 3090 Sed
1152 3029 1179 3093 si

79 3131 143 3217 quis
163 3138 266 3191 tamen
288 3124 346 3186 buc
367 3120 507 3186 audaciae
528 3121 679 3204 procedat,
702 3143 764 3185 non
784 3122 871 3187 video
894 3127 997 3210 quibus
1017 3148 1179 3213 argumen-

78 3233 117 3298 tis
138 3229 264 3296 reintari
289 3225 393 3312 possit.
437 3222 512 3288 Nam
534 3223 580 3299 si,
604 3234 638 3287 ut
659 3225 792 3309 plerique
815 3229 1023 3309 consentiunt,
1053 3229 1180 3318 ricapec-

77 3334 135 3422 νίᾳ
158 3345 189 3398 ct
205 3326 373 3417 θεσπεσία
393 3348 454 3391 non
475 3326 564 3391 aliter
585 3347 618 3391 sc
641 3327 751 3392 babent
773 3350 808 3392 uc
830 3329 987 3420 δημοσίᾳ,
1009 3330 1091 3422 ἰδίᾳ,
1109 3357 1179 3403 νισι·

76 3437 141 3528 νῇ,
173 3435 260 3528 ἐτεῇ,
282 3435 350 3522 quid
372 3429 498 3499 rationis
526 3429 585 3494 dici
604 3441 714 3516 potest,
743 3453 798 3498 our
824 3434 991 3531 poeebpp'c,
1013 3432 1178 3524 δρμονόα,

76 3616 286 3630 w

146 3731 191 3798 ts)
209 3734 316 3799 Φαέννη
332 3739 359 3782 ct
377 3727 473 3798 Κλήτα
493 3729 643 3789 Gratiarum
662 3730 763 3783 nomina
775 3737 843 3782 sunt
861 3729 1006 3799 adjectiva3
1022 3724 1132 3800 Ἀγλαΐα
1152 3733 1176 3784 si

77 3817 268 3871 substantivum
286 3825 341 3879 est,
371 3832 427 3867 cum
446 3817 504 3868 aliis
528 3818 632 3868 dearum
656 3816 846 3881 cognominibus
862 3811 976 3886 Ὑγίεια,
994 3811 1089 3882 Χλόη,
1108 3832 1175 3869 com·

77 3905 238 3979 pouidebet.
274 3903 344 3955 Deae
363 3918 468 3965 nomeu,
488 3917 553 3971 quac
568 3903 729 3955 Pistbetacro
746 3904 829 3968 ¹nubit
844 3902 927 3954 Arist.
942 3899 1008 3953 Avv.
1033 3900 1110 3955 1536.
1127 3904 1176 3955 boc

75 3989 131 4041 loco
149 3999 176 4042 et
189 3992 274 4045 tribus
285 3989 451 4059 sequentibus
464 3986 596 4045 Βασιλεία
609 3989 743 4053 scribitur,
764 3989 851 4052 semei,
870 3987 937 4057 quod
954 3994 1064 4042 metrum
1080 3989 1173 4057 poscit,

75 4072 216 4131 Βασίλεια.
