2534 4492
247 187 307 252 ou
329 183 511 251 rrcunn
531 180 891 253 urruonocrcn.
919 189 947 272 5.
972 189 1005 254 ο.
1091 187 1159 256 car

59 365 237 457 γέμουσαν
256 364 365 433 Achill.
396 366 464 429 Tat.
485 361 508 428 l.
531 361 584 430 25.
603 353 766 449 ’νοῦπησο
791 358 902 450 'aprico
924 365 1052 454 μελέαν
1073 368 1160 434 πλα-

55 462 127 558 y'oic'
147 470 222 534 Eur.
246 468 298 533 Or.
323 467 419 534 1466.
442 467 495 530 ubi
522 466 626 531 neseio
652 486 709 529 cnr
727 464 869 543 Matthiae
895 488 936 532 cx
956 470 1068 534 duabus
1090 490 1161 533 con·

57 571 275 637 structioniltus
297 570 422 637 confusa
443 570 535 646 dicat,
557 588 632 654 quae
653 567 787 675 legitimo
808 570 966 677 conjuncta
986 568 1122 657 cunam).

573 755 660 841 cu
765 724 768 729 ’

146 877 210 942 llac
235 875 435 964 disputatione
456 877 486 940 id
506 886 605 957 actum
630 886 713 953 est„
733 888 769 942 ut
785 877 935 942 inlicitam
956 882 1161 967 exemplorum

58 979 241 1046 varietatem
268 979 434 1064 generatim
471 978 671 1043 describerem
703 978 921 1064 regulumque)
934 980 1159 1062 constituerem,

59 1087 121 1166 qua
148 1081 231 1146 licita
260 1092 292 1146 et
324 1081 430 1146 illicita
458 1082 644 1167 judicentur.
701 1080 759 1146 Sed
785 1082 901 1167 quotics
929 1080 1084 1148 veteribus
1109 1083 1163 1150 hae

57 1183 285 1249 constructione
306 1183 373 1248 sine
394 1183 579 1249 audientium
599 1182 776 1248 offensione¹
790 1185 835 1249 uti
858 1183 979 1250 licuerit
1000 1182 1033 1248 e't
1053 1203 1110 1268 quo
1131 1185 1164 1249 in

59 1292 174 1370 genere
195 1286 357 1366 scribendi,
382 1294 506 1350 nostrae
527 1288 720 1371 conjecturae
737 1290 800 1351 non
822 1298 886 1367 est,
911 1287 971 1351 nisi
991 1287 1067 1372 quod
1089 1288 1165 1373 aputl

61 1386 254 1452 historiarum
276 1389 452 1472 scriptores,
474 1387 678 1474 'l'ltucyilitlcm
690 1397 731 1459 ¹ct
740 1388 972 1472 Xenophontem
987 1390 1085 1455 multo
1094 1388 1166 1476 pau·

57 1491 163 1568 ciera,
194 1511 285 1574 quam
303 1491 382 1577 apud
407 1498 528 1574 poetas,
567 1494 703 1553 oratores
726 1500 758 1554 et
777 1489 967 1575 philosophos
988 1492 1166 1580 ¹reperimus

61 1592 211 1677 exempla.
251 1592 442 1656 Obversatur
463 1592 537 1656 haec
549 1591 694 1655 scribenti
708 1590 873 1655 Gerstlorfii
884 1593 1048 1675 adnotatio,
1074 1594 1166 1678 (Bei-

58 1704 178 1781 orange
194 1715 256 1758 scr
269 1692 638 1780 &attemptarent
659 1692 713 1757 des
732 1692 1167 1783 N.··T.,p.'15.)lorationem

57 1797 283 1861 chalonnem
304 1796 479 1884 inscriptam
500 1817 519 1860 a
539 1795 778 1861 Demosthenicis
800 1818 867 1861 eum
888 1798 956 1862 aliis
978 1798 1079 1881 rebus,
1103 1812 1167 1865 tum

62 1899 154 1963 etiam
184 1899 341 1963 immodico
370 1899 588 1986 etymologicae
614 1897 755 1984 syntaxis
789 1920 846 1964 usn
874 1901 1062 1989 discrepare3
1097 1922 1167 1968 nam

62 2000 164 2065 decies
187 2002 316 2088 positum
338 2022 405 2068 esso
429 2003 562 2067 verbum
576 2010 644 2066 cum
666 2000 787 2066 nomine
809 2006 957 2088 cognatm
991 2005 1168 2071 Demosthe·

61 2124 132 2168 nem
162 2114 262 2167 autem
289 2104 319 2166 ἰοὶ
348 2105 502 2170 rarissime
534 2104 643 2169 iecisse
676 2104 736 2169 nisi
762 2107 816 2170 aut
843 2107 965 2172 testium
994 2120 1047 2174 aut
1068 2108 1167 2195 legum

59 2206 156 2271 verba
176 2203 307 2265 referret
327 2214 380 2264 aut
402 2205 592 2288 μιμητικῶς
623 2205 798 2284 loqueretur
822 2212 875 2273 au't
896 2211 1090 2276 cavillaretur
1115 2225 1169 2278 aut

61 2308 112 2370 ira
134 2302 357 2366 effervesceret.
401 2301 453 2364 Ex
473 2320 530 2383 quo
555 2310 678 2385 apparet
698 2304 881 2388 Theologum
912 2310 1114 2375 doctissimum
1135 2315 1168 2378 in

61 2405 216 2472 caluisse
237 2403 399 2479 sententia,
422 2413 457 2469 ut
477 2401 553 2466 hauc
577 2403 832 2468 constructionem
861 2407 993 2471 colorem
1022 2413 1168 2497 quendam

60 2505 251 2590 antiquitatis
272 2505 541 2590 ‹ct-significantiae
562 2503 672 2569 habere
695 2507 843 2571 crederet.
888 2509 1000 2573 Verum
1022 2515 1168 2596 exemplis

60 2611 115 2687 iis,
138 2628 213 2693 qrrae
234 2607 409 2684 attulimus,
429 2606 556 2690 aliisque
577 2606 845 2673 innumerabilibus
872 2611 1028 2695 perspicue
1057 2611 1169 2679 intelli·

61 2714 158 2798 gitur,
191 2730 256 2775 eam
277 2711 314 2775 ab
336 2709 472 2775 omnibus
500 2708 639 2772 inomni
666 2730 779 2793 geuene
808 2722 839 2775 et
869 2713 987 2777 ratione
1009 2704 1169 2783 'sermonis

61 2825 216 2898 receptam
238 2813 383 2896 planeque
405 2810 584 2875 ordinariam
606 2819 638 2876 ct
659 2810 858 2895 quotidianam
878 2815 984 2879 lui'sseL
1014 2814 1112 2902 Atque
1132 2818 1169 2884 il·

61 2917 180 2980 laetot
201 2924 319 2998 tamque
339 2913 465 2979 subtiles
486 2912 694 2999 exceptiones.
711 2922 742 2978 et
763 2916 1015 3001 praescriptiones
1036 2939 1075 2982 ne
1097 2941 1169 2986 con·

64 3018 194 3084 veniunt
215 3018 331 3102 quidem
353 3016 526 3102 exemplis,
549 3035 625 3099 quae
645 3037 737 3081 verus
759 3027 792 3081 et
812 3020 972 3102 germanus¹
993 3019 1169 3087 Demosthe

65 3140 122 3184 neo
142 3121 175 3184 in
197 3141 269 3202 una,
293 3141 379 3203 quam
402 3117 532 3203 exempli
554 3126 645 3182 causa
665 3119 799 3207 nomino,
816 3118 959 3185 :oratione
982 3143 1036 3207 pro
1059 3124 1168 3188 corona

64 3223 247 3288 cumulavit:
283 3214 436 3307 πόλεμον
456 3256 501 3269 -
521 3221 686 3306 πολεμεῖν
712 3243 743 3306 p.
766 3220 831 3287 234
842 3268 854 3299 ,
878 3222 944 3290 24..
962 3225 1106 3312 πρᾶγμα
1127 3262 1169 3275 —-

64 3323 337 3413 διαπράττεσθαι
361 3344 392 3408 p.
415 3322 491 3402 233,
514 3322 546 3388 9.
571 3318 690 3410 λόγους
708 3358 752 3370 -·-
776 3323 884 3412 λέγειν
902 3325 1024 3410 12240,
1048 3327 1078 3392 1.
1099 3353 1169 3394 πα-

57 3435 133 3503 ’θος
154 3465 196 3477 -
216 3421 433 3500 πεπονθότες
458 3447 488 3510 p·
510 3423 595 3504 241,
617 3423 651 3491 3.
675 3426 911 3514 συμπολεμεῖν
936 3427 998 3498 οόν
1016 3423 1169 3518 πόλεμον

136 3719 181 3786 18)
198 3719 329 3787 aristoph.
348 3716 414 3785 llqtp.
435 3717 495 3771 225.
519 3713 571 3786 τήν
595 3712 705 3786 δωριστὶ
725 3706 895 3787 accinctae
913 3715 965 3787 τήν
982 3714 1072 3789 lipom,
1089 3719 1168 3771 Beru-

65 3806 150 3874 hardy
168 3805 301 3857 Eratosth.
328 3794 352 3872 p.
376 3805 418 3856 55.
444 3804 513 3855 inter
538 3804 681 3855 certissima
705 3805 795 3856 iterati
817 3807 924 3859 articuli
948 3805 1062 3869 exempla
1086 3804 1169 3857 relert

65 3890 226 3956 conjungens
242 3888 292 3959 τήν
317 3887 427 3956 δωριστὶ
451 3886 545 3958 λύραν.
584 3888 655 3955 Quae
678 3890 714 3942 sit
737 3882 875 3943 verborum
897 3889 1068 3950 constructio,
1098 3890 1168 3943 clare

63 3979 144 4031 docet
160 3977 228 4029 Plat.
253 3975 332 4030 Laeli.
359 3975 419 4032 188.
443 3973 477 4027 lt.
501 3970 638 4046 ἁρμονίαν
661 3972 807 4046 καλλίστην
832 3972 999 4047 ἡρμοσμένος
1025 3967 1059 4027 oei
1085 3967 1169 4046 λύραν

62 4057 137 4118 dtu
153 4089 191 4101 -
