2534 4492
129 163 183 232 nn
196 162 333 233 noum.
347 160 502 231 romeu.
515 160 570 230 nr
583 160 711 232 sensu.
724 164 816 237 uus.
831 169 966 239 mnia.
984 174 1013 257 p.
1028 172 1081 238 11.
1114 174 1182 245 ars

80 346 222 411 motionis
249 346 401 411 fluentiam
428 343 593 410 oonoede're
614 336 791 425 versatum·
811 351 891 417 huno
915 353 1086 438 serupninm
1114 358 1183 423 exi·

79 461 166 514 mant
182 442 341 537 τράπεζα,
361 446 512 536 ορὶποζα,
536 446 653 533 aliaque
671 451 828 535 adjectiva,
850 475 1010 538 quaecum
1030 457 1183 543 signifiea-

78 553 165 618 tr'one
185 554 439 619 substantivorum
460 552 703 616 terminationem
726 572 792 621 eam
813 570 1005 642 aoeepernnt,
1031 584 1089 647 pua
1109 576 1183 629 sunt

80 657 268 721 substautias
295 655 441 740 simplicia
468 676 500 717 v.
525 655 652 718 Dissert.
675 656 712 718 de
733 656 808 720 Met.
832 657 945 741 Adjeet.
989 664 1028 728 Et
1054 688 1096 730 ex
1125 667 1182 733 hoo

78 756 146 842 ipso
168 778 281 844 genere
303 769 351 822 est
371 750 536 843 eidpoddap
555 756 611 822 eei
631 753 775 847 aidpopdp
797 754 904 846 proriis]
923 763 1066 831 'dheodori
1088 769 1178 856 Hyrt.

76 883 110 947 p.
133 861 189 935 tt.
212 864 246 925 in
267 861 380 925 Aneed.
405 861 541 924 Boisson.
564 860 600 922 Τ.
624 860 674 924 111.
721 862 797 926 Hino
822 863 902 928 latus
929 867 1058 949 aperitur
1086 872 1182 956 suspi-

77 960 211 1028 o'ionum-
225 982 356 1047 tempusa
399 962 447 1025 st
466 960 587 1046 antiquo
609 965 701 1027 verbo
719 956 829 1052 oipps'o
850 966 984 1054 (aipe'a)
1007 988 1066 1032 non
1086 974 1181 1039 solum

76 1062 228 1155 σύαγρος
253 1063 371 1129 denitur
397 1076 429 1128 st
451 1062 638 1152 poiaypoe,
674 1080 873 1153 neutrumque
897 1064 1097 1158 πάναγρον,
1131 1077 1183 1140 sed

77 1169 172 1233 etiam
192 1162 336 1231 feminina
354 1160 566 1255 asseveres,
589 1165 765 1258 aapdypa,
787 1169 925 1261 prudypa
950 1174 983 1237 ed
1001 1171 1182 1261 yoirdypa,

79 1288 138 1355 quo
159 1290 222 1333 non
242 1270 340 1334 solnm
358 1270 591 1335 instrumentum
613 1285 757 1356 eapturae
782 1277 834 1337 sed
861 1286 893 1338 et
920 1296 1014 1340 oavea
1036 1276 1186 1361 signifiea-

78 1385 132 1439 tur
156 1373 329 1457 pastorque
355 1364 533 1437 Theocritus
560 1372 585 1438 l.
610 1373 663 1439 52.
694 1396 816 1441 eausam
842 1379 1032 1442 reservandis
1061 1379 1185 1443 locustis

77 1468 324 1563 οἷοροέοθνὴροοοΙ
338 1476 477 1552 uocauit,-
511 1484 566 1559 pdo
593 1497 652 1561 quo
680 1478 763 1540 eodd.
793 1479 928 1542 nonnulii
952 1473 1187 1567 ἄκριδοθήκην

78 1580 224 1664 praebent
242 1578 393 1643 Meinekio
414 1580 582 1662 probatum.
617 1578 729 1644 Verum
751 1581 778 1644 si
800 1581 938 1647 similiter
958 1584 1118 1649 terminate
1139 1592 1192 1648 at·-

79 1681 247 1756 tendimus‚
277 1676 471 1771 eipsodp'sep,
493 1673 719 1769 βιβλιοθήκῃ,
745 1680 914 1770 arvando]
938 1695 974 1748 et·
989 1706 1064 1768 quae
1084 1686 1185 1769 paullo

80 1793 151 1848 ante
172 1784 317 1868 moduni,
350 1804 387 1849 eo
408 1784 599 1864 addueirnur,
631 1785 678 1873 iris
702 1786 871 1849 nominibus
897 1785 1059 1869 significari
1082 1787 1186 1853 theses

78 1885 150 1950 sive-
174 1878 351 1970 spatiosas,
369 1900 372 1905 ·
389 1870 518 1951 armaria
547 1899 578 1951 et
606 1888 784 1972 repositoria
811 1880 913 1951 reruni
940 1888 1185 1968 inanimatorum,

79 1981 293 2075 depressam]
312 2000 411 2058 autem
438 2008 499 2054 non
521 1991 701 2075 mam'sdiei
723 2010 810 2076 posse
837 2008 923 2075 quam
936 1987 1106 2079 -βοοθήκη
1134 1990 1186 2056 vel

78 2086 296 2179 ὀρνιθοθήκη
324 2114 379 2177 pro
406 2088 633 2181 βουοοαθμός
662 2106 693 2159 et
721 2086 874 2182 ὀρνιθών
905 2094 970 2158 sive
1001 2090 1186 2181 όρνιθοκο·

76 2206 193 2283 postoe.
235 2195 430 2261 Leeusterum
451 2207 550 2260 nutem
571 2198 762 2259 venationem
784 2218 846 2259 non
867 2191 1102 2282 dapsdoedpae
1126 2194 1186 2262 diei

77 2296 227 2374 ardinor,
256 2300 313 2362 sed
338 2294 603 2386 οἷκριδοθηρὶαν,
634 2308 668 2360 nt
689 2292 853 2382 οὐθηρία,
879 2296 1063 2387 δυςθηρίοι,
1088 2299 1187 2385 φιλο-

77 2398 205 2488 θηρία,
231 2422 266 2465 ae
287 2401 436 2478 siGane,
462 2410 496 2465 ut
518 2400 684 2485 Stephanus
705 2400 764 2474 ait,
794 2392 1012 2485 ὀρνιθοθήρα
1033 2401 1110 2464 dixit
1131 2421 1186 2485 pro

76 2502 209 2585 aucupio
216 2547 227 2577 ,
256 2512 340 2564 oerte
362 2522 381 2563 a
400 2503 489 2584 patrii
511 2501 658 2564 sermonis
681 2502 1037 2567 eonsuetudinedeieeit.
1081 2500 1185 2583 Neque

74 2589 294 2693 pantheram
314 2600 431 2686 Ulpiani
452 2601 538 2665 loros
575 2620 667 2686 quaem
681 2600 833 2684 sutrinam
848 2600 972 2685 juetam
993 2602 1073 2665 retes
1095 2622 1117 2666 a
1132 2602 1186 2688 pt-

79 2694 206 2772 passm
225 2705 354 2767 emrimss
373 2712 433 2767 aet
449 2702 631 2786 indaginem
645 2704 758 2789 plagas
772 2706 911 2789 positam
932 2714 1118 2768 armature
1137 2707 1187 2771 nel

76 2807 265 2896 pontiseram
292 2796 333 2869 ai
359 2818 494 2890 meeepe,
528 2826 583 2889 per
608 2824 641 2869 se
665 2806 814 2891 signifieat
839 2806 957 2875 πᾶσαν
982 2804 1047 2892 τήν
1066 2805 1185 2894 θήραν

82 2912 162 2987 sire,
191 2898 468 2993 ut'irenioographi'
486 2909 600 2985 nostri,
628 2908 688 2971 den
707 2930 836 2993 gessen
857 2910 968 2994 Fasg,
996 2910 1073 2992 quod
1093 2934 1186 2978 πον·

81 3010 187 3101 θηρία
209 3011 363 3075 didensium
384 3011 509 3086 ferisset,
539 3012 592 3075 sed
613 3011 730 3095 proprie
756 3011 872 3095 quidem
897 3021 981 3086 rete,
1012 3023 1115 3095 estque
1139 3014 1185 3077 fe·

82 3116 227 3181 mininam
249 3113 388 3199 adjeetivi
408 3134 427 3176 a
447 3114 540 3176 verbo
562 3114 718 3197 conpositi
739 3106 938 3202 πάνθηρος,
962 3115 1038 3196 qnod
1060 3115 1184 3178 Romani

82 3218 224 3283 feminine
251 3215 427 3281 extulerunt
445 3202 622 3300 pontisera,
653 3226 689 3279 ut
712 3226 857 3292 eroooca,
885 3217 990 3290 diota,
1019 3216 1182 3301 amphora,

83 3321 212 3386 animum
234 3321 271 3384 ed
291 3317 509 3383 substantivum
531 3318 674 3401 quoddam
695 3320 862 3382 referentes
879 3319 943 3403 p'am
961 3318 1011 3381 diu
1033 3316 1190 3387 oblivione.

83 3425 233 3488 obrutum.
268 3422 517 3502 Quemadmodum
536 3431 635 3484 autem
655 3440 797 3504 persaepe
816 3421 973 3484 continens
992 3423 1111 3505 ponitur
1128 3440 1183 3505 pro

86 3514 243 3601 eontentio,
274 3525 317 3587 its
341 3524 393 3587 illo
421 3544 534 3608 quoqne
558 3524 624 3586 loeo
644 3518 811 3609 nanduino
837 3523 986 3607 signifieat
1011 3524 1184 3587 universam

84 3627 185 3691 avium
202 3628 315 3711 eopiam
338 3645 412 3709 quae
432 3627 550 3690 intento
571 3637 637 3690 rete
657 3636 741 3710 eapte
762 3637 819 3688 est.
854 3626 898 3690 De
917 3649 974 3711 quo
993 3646 1081 3708 quum
1100 3633 1183 3687 reete

86 3731 288 3795 admonuisset
314 3728 475 3793 Salmasius
503 3729 539 3793 de
566 3728 609 3792 M.
633 3728 684 3793 Us.
708 3750 737 3813 p.
760 3727 835 3793 353.
865 3740 979 3794 temere
1004 3728 1183 3810 obloquutus

88 3841 135 3895 est
156 3832 313 3898 Duokerus
339 3832 376 3895 de
402 3830 502 3895 Latin.
529 3831 695 3897 Jurisoons.
724 3852 755 3916 p.
779 3830 853 3896 367.
882 3830 989 3917 (400.)
1004 3831 1052 3908 ⁹⁰)
1101 3824 1183 3894 Haec

85 3969 296 3999 7-—-·-··-·r

151 4056 199 4125 90)
220 4056 335 4118 nerbas,
360 4071 426 4125 qnae
444 4069 460 4106 e
476 4053 624 4110 Dioseoride
642 4049 745 4127 o’vee'ypa
764 4062 792 4106 et
808 4047 946 4121 ὄνοθήρα,
972 4065 988 4100 a
1005 4047 1182 4118 Theophrasto

954 4147 1029 4217 *ἕο*

1107 4334 1112 4347 “
1152 4333 1181 4369 Χ
