2534 4492
140 166 195 234 un
210 161 347 232 romu.
360 157 514 227 mmor.
533 158 723 227 ursunsr.
741 161 836 230 unu.
853 159 988 229 unum.
1012 163 1040 249 ς.
1056 162 1089 229 o.
1112 164 1184 233 ace

88 342 193 431 φιλία,
217 365 280 409 non
299 343 362 406 sint
382 339 553 425 adjectiva?
593 337 673 402 Num
696 337 818 406 Graecis
837 343 944 428 plurali
968 343 1090 430 generis
1112 363 1186 408 neu·

84 444 162 511 trius
184 447 228 511 nti
250 444 352 509 licuit:
376 442 459 517 τέως
479 440 547 528 μέν
564 463 624 526 σφι
638 433 684 524 ἦν
706 433 839 526 ἄρθμια
860 449 893 519 ἐς
913 441 1089 532 ἀλλήλους,
1112 458 1187 520 τοῖς

82 545 288 636 Κορινθίοις
315 544 398 634 φίλα
435 538 481 629 ἦν
512 541 596 627 πρὸς
621 539 704 615 sede
724 544 954 629 Κερκυραίους
975 550 1105 614 llerodo.
1130 546 1183 611 111.

84 649 141 716 49.
164 651 308 716 feminino
330 669 407 713 vero
436 645 597 730 singularis
619 644 736 708 numeri
759 646 939 728 minutum
980 651 1127 715 Nimirum
1140 650 1185 714 di.

82 763 132 816 eet
152 753 261 836 aliquis
284 770 381 835 geum
403 750 542 812 neutrum
563 746 740 812 adminiculo
763 750 854 832 cgere
878 749 977 827 nullo,
1009 753 1187 817 femininum

79 874 158 918 vero
180 853 248 917 sine
271 850 478 929 substantivo,
502 849 549 914 cui
578 849 707 913 latenter
727 849 944 926 adhaerescat,
970 850 1096 940 intelligi
1124 876 1187 919 non

77 974 187 1040 posse,
209 953 295 1017 velut
316 947 375 1019 ἄπ’
395 954 477 1037 ἴσης,
499 949 567 1019 circi
587 946 736 1038 προίτης,
768 945 838 1018 α’πὸ
858 950 965 1036 μιᾶς,
988 955 1023 1016 ἐκ
1040 955 1184 1043 ταχείας,

77 1061 120 1123 ἐκ
140 1055 307 1131 παλαιοῖς,
333 1051 411 1132 ἐξ“
389 1053 539 1141 νοτίρας,
563 1050 618 1120 διαί
642 1054 752 1140 κενης,
774 1050 826 1120 ἔπ’
847 1055 935 1141 ἴσης,
957 1052 1045 1121 κατοί
1065 1051 1186 1140 μόνας,

78 1157 178 1248 ἔρνη,
201 1157 293 1245 κενῇ,
316 1180 380 1243 την
395 1148 544 1243 προίτην,
565 1153 754 1242 τηνιίλλως,
771 1151 987 1243 οίλληνιίλλως
1000 1167 1059 1222 eto.
1082 1158 1190 1225 redemi

79 1262 116 1324 ad
128 1259 346 1324 substantivum
368 1259 485 1343 aliquod
500 1259 681 1344 cogitatione
697 1259 956 1342 comprehensum,
981 1259 1081 1345 qualia
1097 1242 1191 1325 multu¹

79 1363 282 1427 sarcinatores
310 1359 455 1444 ellipsium
485 1359 671 1426 comminisci
700 1359 811 1424 solent
857 1362 915 1426 Sed
937 1361 1092 1446 permultis
1114 1361 1191 1426 locis

78 1463 185 1528 luorum
208 1463 482 1547 supplementorum
505 1463 621 1525 nullum
645 1460 799 1525 convenit.
844 1462 918 1542 Quis
940 1465 1037 1544 cuim,
1059 1464 1087 1529 si
1109 1463 1197 1551 lege*

80 1566 123 1630 rit
150 1560 211 1632 εἶπ’
242 1560 382 1637 εὐθείας
412 1564 614 1650 φιλοσοφεῖν
637 1562 716 1626 Plut.
742 1561 844 1648 Symp.
867 1562 892 1628 1.
916 1565 955 1644 4,
984 1564 1017 1633 8.
1038 1562 1103 1653 την
1133 1561 1193 1633 sai-'-

79 1675 186 1735 9εῑαν
207 1680 382 1735 οννειπεῖν
406 1688 474 1732 τινι
489 1664 527 1728 V.
544 1666 620 1729 'Cic
633 1663 709 1728 Vll.
733 1667 766 1741 ἐξ
749 1663 896 1752 ξόρθης
919 1663 1189 1753 α’νακρίνεινΡο-

84 1771 147 1857 lyb.
171 1770 244 1835 XV.
266 1769 320 1836 27.
353 1763 526 1854 τηναλλοις
553 1763 747 1855 ιίιλολοοχεῖν
775 1789 807 1831 v.
831 1767 968 1884 Bergler.
997 1770 1034 1832 ad
1058 1769 1190 1854 Alciphr.

85 1871 110 1937 1
134 1873 191 1957 Ερ.
216 1870 269 1936 19.
300 1870 346 1935 luis
373 1870 468 1954 igitur
494 1880 537 1934 et
546 1868 694 1933 similibus
726 1869 802 1933 locis
834 1870 900 1954 quis
928 1881 982 1936 ant
1008 1883 1117 1957 μοῖρα
1141 1880 1195 1935 ant

83 1970 168 2064 τείχη
189 1984 243 2038 aut
262 1972 381 2059 πρᾶξις
405 1982 456 2036 aut
475 1963 551 2045 ὁδός
573 1982 672 2056 aptum
694 1990 763 2035 esse
785 1972 912 2037 orcdut‘l
955 1972 1102 2053 Quare
1077 1994 1122 2037 suc
1142 1992 1196 2058 po-

81 2077 143 2142 tius
166 2075 397 2140 existimandum
420 2073 551 2151 videtur,
579 2073 711 2139 Graecos
732 2094 751 2138 a
772 2073 946 2139 notionibus
968 2073 1194 2159 simplicissimis

80 2199 257 2264 progressos
279 2178 468 2260 maximeque
490 2176 598 2252 obviis,
622 2196 697 2259 quae
719 2187 791 2241 suut
805 2178 894 2254 situs,
917 2177 986 2243 viae
1007 2176 1194 2241 etdirectio-

82 2281 147 2356 uis,
181 2279 251 2343 hinc
277 2278 502 2343 similitudinem
529 2277 702 2340 traduxisse
739 2277 776 2339 ad
808 2279 959 2343 cadonum
996 2279 1192 2343 humanarum

84 2383 188 2448 varias
209 2381 392 2449 directiones
414 2389 447 2444 ct
467 2379 581 2442 modos.
612 2378 708 2462 *Ergo
736 2379 813 2462 quod
842 2391 1019 2473 consuetum
1047 2391 1129 2447 esset
1150 2379 1194 2444 di·

83 2504 159 2549 cere
180 2480 245 2566 την
264 2477 408 2548 εὐθεῖαν
431 2476 655 2565 πορεύεσθαι,
677 2476 742 2563 την
762 2479 872 2566 μέσην
895 2478 1036 2558 ὁδεύειν,
1057 2479 1196 2568 μακροίν

59 2581 312 2671 πεμφθῆναι,
335 2584 368 2654 ἐξ
393 2578 550 2652 ἐναντίας
580 2578 754 2663 προςιέναι
776 2578 854 2643 Plut.
879 2581 918 2647 V.
940 2582 1025 2645 Rom.
1048 2583 1192 2650 XXVllI.

83 2694 116 2767 ἐξ
141 2681 371 2756 duceudos-du
396 2678 545 2768 πλαγίαν
573 2673 828 2765 καθεστήκεσαν
855 2682 949 2748 Thur.
973 2682 1025 2748 lV.
1048 2683 1102 2750 33.
1135 2683 1193 2754 ιιί-

83 2785 164 2875 θείη
185 2787 352 2874 φέρεσθαι
374 2783 457 2849 Stob.
478 2781 545 2846 Ecl.
563 2782 589 2846 Ι.
616 2781 691 2848 696.
715 2783 826 2849 omisso
847 2786 1007 2863 vocabulo,
1030 2790 1115 2875 cujus
1139 2811 1194 2853 uo·

84 2891 128 2956 tio
149 2890 182 2953 in
203 2889 297 2954 verbo
323 2886 514 2960 continetur,
538 2884 608 2949 hinc
629 2897 844 2970 consequutum
866 2908 946 2965 esse,
977 2900 1012 2953 ut
1040 2890 1117 2956 idem
1141 2913 1196 2955 uo·

88 3014 158 3057 meu
180 2991 270 3055 tacite
294 2988 597 3075 comprehenderetur
618 3008 684 3052 cum
708 2989 830 3064 verbis,
855 3011 930 3072 quae
948 3012 1010 3054 non
1032 2992 1196 3078 simplicem

89 3094 238 3171 actionem
253 3093 305 3156 sed
319 3092 467 3156 actionem
490 3090 522 3152 in
534 3101 617 3155 motu
634 3090 760 3174 positam
782 3091 966 3175 significant,
989 3096 1036 3167 εἰς
1051 3089 1198 3162 εὐθεῖαν

87 3195 305 3280 καταστῆσαι,
325 3198 357 3270 ἐξ
380 3190 539 3266 ἐναντίας
561 3185 738 3281 μοίχεσθαι
760 3192 879 3285 Aeliuu.
906 3194 942 3257 Η.
970 3193 1051 3259 Αιιιι.
1077 3195 1115 3262 V.
1141 3195 1194 3262 19.

87 3294 155 3385 τήν
173 3293 314 3364 εὐθεῖαν
338 3291 554 3366 οίποκτιίνειν
581 3295 655 3358 Eur.
679 3290 857 3363 Metelle
889 3290 1001 3383 ὀρθην
1032 3292 1195 3388 ἒντογχοί-

86 3424 141 3470 νει
168 3395 247 3467 οἷντί
275 3399 337 3465 τοῦ
370 3393 477 3471 εὐθύς
506 3393 682 3482 Ὑπερίδης
712 3397 797 3460 Phot.
833 3407 864 3461 et
894 3408 928 3461 ut
958 3412 1110 3484 postremo
1140 3400 1196 3469 hoc

90 3501 263 3588 exemplum
292 3503 510 3565 transferretur
540 3500 576 3563 ad
601 3519 659 3583 'eas
689 3499 842 3574 actiones,
876 3520 950 3583 quae
979 3504 1102 3567 omniuo
1135 3520 1197 3565 nou

80 3604 226 3688 corporis
248 3603 301 3668 sed
322 3603 413 3667 animi
435 3613 517 3666 motu
546 3611 578 3666 et
598 3600 767 3670 intentione
790 3601 1007 3683 conficiuntur,
1038 3607 1071 3683 ἐξ
1099 3608 1196 3670 ἐναν·

161 3861 205 3930 79)
225 3861 253 3914 ln
267 3862 384 3930 Hippocr.
402 3859 483 3913 Merit.
496 3858 559 3912 Μελ.
573 3860 605 3913 ll.
619 3861 681 3914 ⁴85.
695 3860 726 3914 Τ.
736 3860 756 3913 l.
771 3857 801 3913 ἒν
815 3857 894 3934 τῇσιν
905 3854 1006 3931 ιἠνίησι
1018 3851 1099 3908 τέλεα
1113 3861 1196 3930 plm-

86 3967 149 4008 ται,
167 3949 191 4000 si
202 3949 248 4001 vel
260 3965 327 3999 unns
341 3947 455 4000 melioris
468 3953 543 4000 uotae
558 3948 625 4000 liber
641 3944 720 4019 πελίη
737 3947 855 4010 oll'errct¹
875 3960 947 3998 nemo
966 3938 1075 4004 amplius
1099 3945 1130 4000 de
1151 3951 1197 4001 hec

90 4033 228 4088 dubitaret
239 4034 412 4088 substantivo.
