2534 4492
115 78 491 206 conclusiones.
509 104 702 201 ursoosr.
719 136 812 204 unu.
829 136 963 203 aurio
988 138 1065 224 §.a
1101 143 1172 211 aas

65 319 152 400 num)
174 315 218 393 ῶς
239 318 290 386 Ιλ.
308 318 351 386 Β.
370 315 443 382 480.
468 313 597 382 ἔστιδὲ
619 309 755 382 siccando
776 314 865 385 οῶτο
889 311 1108 388 συντάττειν·
1136 344 1171 389 ac

65 441 105 484 ne
125 432 269 485 accentus
286 421 421 504 quidem,
444 419 494 505 qui
515 418 593 481 idem
616 427 663 480 est
684 418 716 480 in
739 421 857 485 nomine
876 417 1041 510 μερμνός.
1071 423 1172 490 Philo-

63 544 161 607 ponus
184 523 323 617 Stephani
344 517 492 595 Ὀκνος
512 521 673 606 pigritia,
705 514 803 594 όκνὸς
824 526 936 609 prpter,
968 527 1071 591 ucscio
1093 528 1171 591 unde

65 625 244 709 adjectivum
272 625 464 709 expiscatus,
500 622 559 686 nisi
585 622 662 685 forte
692 643 733 685 ex
761 622 896 689 aviculae
922 629 1061 704 nominc,
1094 629 1171 713 quod

50 715 287 813 ¹parouytonum
304 737 353 791 est
369 727 445 810 apud
456 724 624 801 Aelianum,
642 725 828 807 eundemque
847 737 978 793 tenorem
995 732 1027 795 iu
1040 730 1168 799 Aristot.

62 827 100 891 ll.
118 829 201 893 Anu.
220 829 276 893 IX.
293 827 349 892 717.
368 825 451 911 (18.)
469 827 498 891 1.
523 848 617 912 nuper
635 848 676 891 ex
694 828 808 911 aliquot
826 829 912 892 codd.
931 833 1060 918 recepit,
1083 855 1170 918 quom

62 930 116 1014 qui
144 932 182 993 ad
204 931 337 994 ultimam
359 941 552 995 removerunt
573 929 734 1014 syllabam,
767 930 832 993 sine
855 932 944 995 dubio
967 933 997 994 id
1017 936 1092 1017 quod
1113 958 1169 1001 usu

60 1031 276 1116 appellativum
298 1043 394 1108 esset,
425 1044 493 1097 ortu
517 1031 696 1116 adjectivum
724 1053 791 1099 esse
816 1034 1020 1097 crediderunt.
1065 1037 1108 1101 Αο
1130 1039 1170 1102 si·

62 1133 178 1224 militer
193 1124 322 1209 Ὅκνος
339 1135 409 1211 illc,
440 1156 528 1220 quem
550 1135 735 1220 Polygnotus
762 1135 879 1218 pinxit,
913 1135 1052 1200 aPlinio
1073 1135 1171 1222 Piger
1241 1120 1246 1137 ⁸

62 1236 173 1300 dicitur
195 1258 256 1300 non
277 1238 415 1324 Pigror,
430 1308 436 1315 .
450 1238 509 1301 etsi
537 1237 611 1301 nihil
639 1238 753 1312 obstat,
787 1238 943 1321 quominus
972 1237 1061 1301 homo
1088 1237 1171 1322 piger

60 1337 124 1422 ipso
152 1339 219 1402 vitii
246 1340 366 1405 nominc
394 1339 560 1424 appelletur
583 1342 624 1425 φ’
664 1360 718 1415 ον,
752 1360 789 1403 eo
817 1361 929 1425 gcucrc
955 1339 1171 1425 metonymico,

62 1440 138 1525 quod
160 1441 288 1515 Thomas
309 1443 352 1506 M.
376 1443 532 1525 designat:
571 1441 615 1528 φλ
686 1466 749 1527 φος
773 1443 830 1509 καλ
854 1440 877 1528 ἦ
899 1441 1047 1530 φλοορίολ
1071 1439 1170 1510 καλό

63 1543 225 1632 φλνορῶν
246 1538 355 1630 ῶςπερ
377 1542 478 1627 λῆρος
500 1542 557 1609 καὶ
576 1539 599 1629 ἠ
621 1541 768 1628 ληρωδίο
789 1544 846 1611 καλ
866 1542 886 1610 ό
905 1545 1031 1631 ληρῶν,
1057 1556 1089 1610 ct
1110 1545 1170 1610 alio

63 1645 128 1710 loco
145 1645 281 1733 ’λέμφος
308 1636 474 1733 ἠκόροζο
500 1645 559 1712 κοιλ
580 1640 762 1732 οἷροονικῶς
789 1640 1033 1734 όκορνζῶδης,
1065 1648 1170 1733 quihus

61 1749 170 1813 similia
191 1759 263 1814 suut
287 1739 369 1828 ἰξός,
397 1742 557 1835 ὄλεθρος,
585 1740 691 1835 φόνος
706 1751 769 1830 ³⁸),
798 1744 913 1834 λιμός,
942 1744 1078 1835 λοιμός,
1108 1761 1171 1834 μῖ-

60 1876 127 1939 μος
143 1851 208 1938 ³⁹),
231 1843 376 1938 φθόρος,
399 1848 549 1938 φλύαρος
561 1857 622 1934 ⁴0).
663 1850 707 1913 lta
729 1851 807 1935 quod
828 1850 904 1934 apud
927 1849 1037 1914 Suidau
1059 1850 1170 1934 legitur

58 1955 173 2041 μῶκος
199 1951 218 2020 ό
245 1948 446 2044 χλεκοοτής,
481 1954 513 2018 iu
541 1965 693 2018 certamen
720 1953 807 2017 venit
834 1964 934 2017 utrum
960 1962 1103 2018 accentus
1129 1953 1171 2018 sit

57 2057 229 2122 immutatus
251 2057 330 2121 siout
348 2055 477 2121 Aristot.
496 2056 534 2122 H.
554 2055 635 2120 Anu.
656 2055 680 2121 1.
699 2054 732 2121 9.
756 2056 789 2120 in
810 2057 964 2121 nonnullis
988 2056 1072 2120 codd.
1095 2050 1169 2143 μῶ-

10 2140 13 2201 3
59 2183 121 2228 κον
143 2159 200 2227 καλ
223 2161 361 2246 εἴρωνος
382 2159 525 2242 scriptum
547 2172 612 2236 cst,
637 2181 676 2222 an
699 2158 856 2224 cavillator
877 2159 1034 2243 aliquando
1056 2159 1097 2223 sit
1117 2181 1168 2244 ap·

10 2316 12 2341 ,
58 2262 185 2347 pollutus
206 2261 321 2349 μῶκος
343 2262 513 2338 cavillati03
544 2282 600 2324 nco
622 2261 709 2324 facile
732 2263 894 2337 decernas,
917 2263 968 2324 ubi
990 2260 1078 2325 homo
1099 2281 1168 2346 per·

56 2367 190 2430 niciosus
218 2365 337 2449 proprie
370 2357 566 2450 pdopdc⁴¹p
595 2362 711 2426 dicatur
740 2374 775 2426 ut
804 2357 988 2447 ῶνθρωποι
1016 2359 1167 2450 ῶοολνεῑς

53 2468 114 2534 col
145 2464 274 2551 φθοροί
302 2466 407 2529 Liban.
438 2465 523 2528 Decl.
554 2467 589 2528 T.
620 2464 672 2527 lll.
703 2463 778 2528 390.
813 2485 852 2526 an
882 2465 995 2549 tropice
1024 2459 1168 2550 φθόρος,

53 2590 149 2656 quum
171 2567 348 2651 praesertim
371 2561 530 2648 ὄλεθρος,
556 2566 640 2648 cnjus
662 2575 804 2626 accentus
825 2565 920 2646 magis
943 2585 1009 2625 cum
1030 2565 1167 2630 substan·

56 2671 129 2736 tivis
149 2663 300 2761 ρόθρος,
327 2665 475 2753 daippus,
508 2685 594 2748 quam
622 2685 689 2728 cum
713 2663 868 2748 adjectivis
893 2660 1069 2752 βλωθρός,
1097 2690 1166 2735 νω-

126 2934 173 2999 38)
195 2933 248 2987 Ηοο
265 2933 411 2985 ῑοωοοτίο
434 2933 513 3000 accipi
537 2940 621 3000 potest
643 2941 674 2984 nt
691 2949 786 2986 carcer
807 2949 852 3000 pro
869 2949 974 2985 carcerc
992 2934 1085 3001 diguus
1108 2934 1163 2989 sivo

55 3017 214 3092 βόροιθροο,
234 3021 301 3087 quod
318 3034 407 3086 purum
425 3025 484 3085 apte
501 3035 559 3071 cnm
576 3020 753 3087 superioribus
771 3021 940 3087 componitur,
960 3021 1052 3088 quippe
1070 3036 1086 3072 a
1101 3038 1162 3074 ucu-

54 3116 97 3159 tro
121 3107 311 3158 denominatum
335 3113 365 3156 ut
388 3120 403 3155 a
426 3096 573 3175 φάρμακον
594 3102 752 3176 φαρμακός,
782 3106 827 3157 sed
850 3113 958 3156 accentu
981 3106 1085 3168 eodem,
1117 3107 1163 3174 qui

10 3238 13 3267 ,
55 3209 134 3260 saepe
149 3200 267 3245 mutatur
284 3208 341 3242 cum
359 3206 467 3255 gcucrc·
492 3211 525 3245 το
518 3186 701 3258 βλέννοτ,’
685 3210 699 3242 ο
717 3183 844 3260 βλοννότ,
862 3190 894 3245 τό
913 3212 971 3246 ouva
961 3192 1052 3259 pos,
1054 3189 1072 3271 ό
1087 3211 1163 3245 onoc-

55 3270 277 3350 ptis‚co1ioc'dos,
296 3271 426 3338 deiude,
443 3270 476 3329 τό
493 3267 586 3377 paidos,
604 3271 619 3328 ό
635 3272 735 3343 ponde,
753 3274 787 3330 τό
804 3273 899 3345 stipor,
919 3268 1045 3348 όκοφόο,
1063 3297 1095 3333 το
1112 3273 1163 3330 κό-

54 3381 118 3435 ρος,
138 3359 155 3417 ό
172 3362 289 3431 septici.
309 3379 334 3414 c
352 3354 454 3430 κωφόν,
471 3357 503 3415 τό
521 3354 684 3430 θῶμβοτ,“
669 3381 683 3413 ο
701 3357 813 3443 deppae
829 3362 950 3414 Eustath
970 3380 995 3431 p.
1014 3363 1080 3425 odd,
1100 3365 1141 3414 55.

123 3466 170 3534 td)
193 3465 236 3518 Sic
259 3461 349 3533 φλόαξ
371 3479 463 3517 scurra
487 3464 585 3515 dicitur
609 3470 636 3515 et
658 3462 733 3514 lusus
756 3465 889 3527 scurrilis,
919 3460 1030 3534 γρόλλοο
1051 3465 1162 3517 sultutor

54 3552 152 3605 Ancod.
175 3568 198 3619 p.
219 3551 263 3604 33.
287 3549 350 3616 (nisi
372 3553 457 3617 potius
479 3544 586 3622 ypollo'c
608 3547 780 3613 scribendum)
804 3558 830 3602 et
853 3551 967 3603 saltatio.
1004 3548 1071 3603 Num
1093 3549 1160 3600 lortc

53 3637 226 3692 Alexandrini
244 3637 397 3703 grallatores
414 3638 470 3688 sive
486 3631 612 3708 γοπῶναο
628 3634 666 3686 sic
682 3639 829 3704 vocaruutt

124 3741 172 3808 ld)
195 3737 319 3813 Φλοαρόο
341 3734 417 3806 λόγος
437 3739 572 3791 Plutarch.
597 3738 627 3789 dc
650 3736 766 3804 Superat.
786 3738 854 3792 Vlll.
875 3741 915 3792 74.
942 3740 974 3791 Τ.
993 3736 1058 3790 Vlll.
1084 3737 1158 3792 codd.

52 3822 182 3897 φλόοροτ.
201 3825 294 3878 Pollux
307 3822 353 3876 Vl.
372 3824 433 3879 ‘202
451 3819 625 3903 dppvoddc‘
609 3842 642 3878 ον
660 3829 705 3876 καλ
722 3819 828 3890 θρῆνον
846 3823 966 3877 ἐκάλουν
988 3823 1156 3887 Philopouus.

50 3907 171 3982 Κομπότ
188 3912 329 3980 superbus,
349 3905 455 3976 κόμπος
472 3899 578 3960 stridor

121 4012 169 4080 ll)
187 4012 311 4067 verbalia
328 4011 473 4078 hujusmodi
489 4002 582 4080 όλκότ,
598 4009 676 4084 τορός
693 4021 744 4064 cto.
765 4013 797 4063 ab
809 4014 861 4064 hac
878 4006 1026 4074 quaestione
1045 4011 1139 4064 adona.
