<?xml version="1.0" encoding="UTF-8"?>
<!DOCTYPE html PUBLIC "-//W3C//DTD XHTML 1.0 Transitional//EN"
    "http://www.w3.org/TR/xhtml1/DTD/xhtml1-transitional.dtd">
<html xmlns="http://www.w3.org/1999/xhtml" xml:lang="en" lang="en">
 <head>
  <title>
</title>
<meta http-equiv="Content-Type" content="text/html;charset=utf-8" />
  <meta name='ocr-system' content='tesseract 3.04.00' />
  <meta name='ocr-capabilities' content='ocr_page ocr_carea ocr_par ocr_line ocrx_word'/>
</head>
<body>
  <div class='ocr_page' id='page_1' title='image "./paralipomenagra01lobegoog_0041.png"; bbox 0 0 2534 4492; ppageno 0'>
   <div class='ocr_carea' id='block_1_1' title="bbox 113 98 1151 258">
    <p class='ocr_par' dir='ltr' id='par_1_1' title="bbox 113 95 1151 258">
     <span class='ocr_line' id='line_1_1' title="bbox 113 98 1151 258; baseline -0.014 -22"><span class='ocrx_word' id='word_1_1' title='bbox 113 163 241 237; x_wconf 74' lang='lat' dir='ltr'><strong>sse,</strong></span> <span class='ocrx_word' id='word_1_2' title='bbox 433 98 888 258; x_wconf 27' lang='lat' dir='ltr'><strong>JJ·n1ssnnrnr10v.ss</strong></span> <span class='ocrx_word' id='word_1_3' title='bbox 1078 212 1151 221; x_wconf 88' lang='lat'><strong>..</strong></span> 
     </span>
    </p>
   </div>
   <div class='ocr_carea' id='block_1_2' title="bbox 70 327 1223 3088">
    <p class='ocr_par' dir='ltr' id='par_1_2' title="bbox 93 327 1223 2268">
     <span class='ocr_line' id='line_1_2' title="bbox 93 327 1222 431; baseline -0.003 -20"><span class='ocrx_word' id='word_1_4' title='bbox 93 327 153 415; x_wconf 52' lang='lat' dir='ltr'><strong>&#39;cd</strong></span> <span class='ocrx_word' id='word_1_5' title='bbox 168 337 329 431; x_wconf 72' lang='grc' dir='ltr'><strong><em>ιριγιαὲς,</em></strong></span> <span class='ocrx_word' id='word_1_6' title='bbox 350 336 407 406; x_wconf 72' lang='grc' dir='ltr'><strong>ἐπὶ</strong></span> <span class='ocrx_word' id='word_1_7' title='bbox 423 335 530 405; x_wconf 76' lang='lat' dir='ltr'><strong>diecti</strong></span> <span class='ocrx_word' id='word_1_8' title='bbox 543 332 903 427; x_wconf 66' lang='lat' dir='ltr'><strong>ponerenoticu‘pee&#39;pot·</strong></span> <span class='ocrx_word' id='word_1_9' title='bbox 927 342 961 406; x_wconf 83' lang='lat' dir='ltr'><strong>cl</strong></span> <span class='ocrx_word' id='word_1_10' title='bbox 980 336 1103 427; x_wconf 68' lang='lat' dir='ltr'><strong>polesot</strong></span> <span class='ocrx_word' id='word_1_11' title='bbox 1114 334 1222 430; x_wconf 70' lang='grc' dir='ltr'><strong>Ἀθη·</strong></span> 
     </span>
     <span class='ocr_line' id='line_1_3' title="bbox 114 433 1223 530; baseline -0.006 -11"><span class='ocrx_word' id='word_1_12' title='bbox 114 460 207 519; x_wconf 74' lang='lat' dir='ltr'><strong>octos</strong></span> <span class='ocrx_word' id='word_1_13' title='bbox 219 444 275 512; x_wconf 77' lang='lat' dir='ltr'><strong>eol</strong></span> <span class='ocrx_word' id='word_1_14' title='bbox 286 433 435 530; x_wconf 71' lang='grc' dir='ltr'><strong><em>μάλιστα</em></strong></span> <span class='ocrx_word' id='word_1_15' title='bbox 450 445 484 507; x_wconf 89' lang='lat' dir='ltr'><strong>ol</strong></span> <span class='ocrx_word' id='word_1_16' title='bbox 500 435 656 529; x_wconf 72' lang='grc' dir='ltr'><strong><em>νεώτεροι</em></strong></span> <span class='ocrx_word' id='word_1_17' title='bbox 679 438 1008 528; x_wconf 73' lang='grc' dir='ltr'><strong><em>προπαροξύαοαοιν,</em></strong></span> <span class='ocrx_word' id='word_1_18' title='bbox 1032 447 1069 510; x_wconf 73' lang='grc' dir='ltr'><strong>αἱ</strong></span> <span class='ocrx_word' id='word_1_19' title='bbox 1083 438 1223 530; x_wconf 62' lang='lat' dir='ltr'><strong>ipseper,</strong></span> 
     </span>
     <span class='ocr_line' id='line_1_4' title="bbox 114 536 1222 631; baseline -0.009 -10"><span class='ocrx_word' id='word_1_20' title='bbox 114 557 151 622; x_wconf 80' lang='lat' dir='ltr'><strong>cl</strong></span> <span class='ocrx_word' id='word_1_21' title='bbox 166 551 285 618; x_wconf 78' lang='lat' dir='ltr'><strong>cicccc·</strong></span> <span class='ocrx_word' id='word_1_22' title='bbox 329 541 446 613; x_wconf 76' lang='grc' dir='ltr'><strong><em>Πάλιν</em></strong></span> <span class='ocrx_word' id='word_1_23' title='bbox 460 548 497 610; x_wconf 82' lang='grc' dir='ltr'><strong>αἱ</strong></span> <span class='ocrx_word' id='word_1_24' title='bbox 511 542 636 612; x_wconf 78' lang='lat' dir='ltr'><strong>Pedius</strong></span> <span class='ocrx_word' id='word_1_25' title='bbox 648 565 764 630; x_wconf 69' lang='grc' dir='ltr'><strong><em>φαμεν</em></strong></span> <span class='ocrx_word' id='word_1_26' title='bbox 778 544 834 610; x_wconf 78' lang='grc' dir='ltr'><strong>ἐπὶ</strong></span> <span class='ocrx_word' id='word_1_27' title='bbox 854 544 917 611; x_wconf 81' lang='lat' dir='ltr'><strong>coti</strong></span> <span class='ocrx_word' id='word_1_28' title='bbox 937 543 1056 631; x_wconf 75' lang='grc' dir='ltr'><strong><em>κυρίου</em></strong></span> <span class='ocrx_word' id='word_1_29' title='bbox 1070 536 1222 631; x_wconf 78' lang='grc' dir='ltr'><strong><em>παροξυ-</em></strong></span> 
     </span>
     <span class='ocr_line' id='line_1_5' title="bbox 113 637 1222 732; baseline -0.001 -14"><span class='ocrx_word' id='word_1_30' title='bbox 113 650 232 726; x_wconf 74' lang='grc' dir='ltr'><strong><em>οόαας,</em></strong></span> <span class='ocrx_word' id='word_1_31' title='bbox 255 647 312 715; x_wconf 76' lang='grc' dir='ltr'><strong>ἐπὶ</strong></span> <span class='ocrx_word' id='word_1_32' title='bbox 334 648 371 715; x_wconf 76' lang='lat' dir='ltr'><strong>tt</strong></span> <span class='ocrx_word' id='word_1_33' title='bbox 392 647 454 714; x_wconf 79' lang='lat' dir='ltr'><strong>cosi</strong></span> <span class='ocrx_word' id='word_1_34' title='bbox 483 647 626 712; x_wconf 72' lang='grc' dir='ltr'><strong><em>ἐθαιιιοὺ</em></strong></span> <span class='ocrx_word' id='word_1_35' title='bbox 651 650 688 711; x_wconf 86' lang='grc' dir='ltr'><strong>ἀἱ</strong></span> <span class='ocrx_word' id='word_1_36' title='bbox 701 637 832 713; x_wconf 75' lang='grc' dir='ltr'><strong><em>Ῥόδιαι</em></strong></span> <span class='ocrx_word' id='word_1_37' title='bbox 843 650 904 732; x_wconf 77' lang='lat'><strong>⁶⁵),</strong></span> <span class='ocrx_word' id='word_1_38' title='bbox 927 647 985 715; x_wconf 76' lang='lat' dir='ltr'><strong>uel</strong></span> <span class='ocrx_word' id='word_1_39' title='bbox 1010 642 1141 715; x_wconf 70' lang='lat' dir='ltr'><strong>tndem</strong></span> <span class='ocrx_word' id='word_1_40' title='bbox 1164 650 1222 718; x_wconf 74' lang='grc' dir='ltr'><strong>ἐπὶ</strong></span> 
     </span>
     <span class='ocr_line' id='line_1_6' title="bbox 113 743 1221 844; baseline -0.002 -25"><span class='ocrx_word' id='word_1_41' title='bbox 113 756 176 842; x_wconf 73' lang='grc' dir='ltr'><strong>τῆς</strong></span> <span class='ocrx_word' id='word_1_42' title='bbox 196 750 326 844; x_wconf 66' lang='grc' dir='ltr'><strong><em>χορδῆς,</em></strong></span> <span class='ocrx_word' id='word_1_43' title='bbox 348 745 479 816; x_wconf 72' lang='lat' dir='ltr'><strong>devocet</strong></span> <span class='ocrx_word' id='word_1_44' title='bbox 494 747 530 813; x_wconf 80' lang='lat' dir='ltr'><strong>dl</strong></span> <span class='ocrx_word' id='word_1_45' title='bbox 547 747 603 813; x_wconf 80' lang='grc' dir='ltr'><strong>ἐπὶ</strong></span> <span class='ocrx_word' id='word_1_46' title='bbox 623 746 687 830; x_wconf 77' lang='grc' dir='ltr'><strong>τοῦ</strong></span> <span class='ocrx_word' id='word_1_47' title='bbox 701 743 834 833; x_wconf 71' lang='grc' dir='ltr'><strong><em>ὑψηλοῦ</em></strong></span> <span class='ocrx_word' id='word_1_48' title='bbox 854 749 968 814; x_wconf 85' lang='lat' dir='ltr'><strong>Anecd.</strong></span> <span class='ocrx_word' id='word_1_49' title='bbox 991 772 1022 835; x_wconf 89' lang='lat' dir='ltr'><strong>p.</strong></span> <span class='ocrx_word' id='word_1_50' title='bbox 1047 750 1143 817; x_wconf 97' lang='grc'><strong>1254.</strong></span> <span class='ocrx_word' id='word_1_51' title='bbox 1174 752 1221 817; x_wconf 83' lang='lat' dir='ltr'><strong>Ac</strong></span> 
     </span>
     <span class='ocr_line' id='line_1_7' title="bbox 114 848 1220 946; baseline -0.002 -24"><span class='ocrx_word' id='word_1_52' title='bbox 114 869 265 946; x_wconf 89' lang='lat' dir='ltr'><strong>postremo</strong></span> <span class='ocrx_word' id='word_1_53' title='bbox 285 854 428 918; x_wconf 78' lang='lat' dir='ltr'><strong>vocabulo</strong></span> <span class='ocrx_word' id='word_1_54' title='bbox 459 850 531 914; x_wconf 84' lang='lat' dir='ltr'><strong>haec</strong></span> <span class='ocrx_word' id='word_1_55' title='bbox 560 848 710 913; x_wconf 88' lang='lat' dir='ltr'><strong>distinctio</strong></span> <span class='ocrx_word' id='word_1_56' title='bbox 734 851 831 916; x_wconf 90' lang='lat' dir='ltr'><strong>minus</strong></span> <span class='ocrx_word' id='word_1_57' title='bbox 854 854 1025 918; x_wconf 82' lang='lat' dir='ltr'><strong>necessaria</strong></span> <span class='ocrx_word' id='word_1_58' title='bbox 1053 865 1119 927; x_wconf 90' lang='lat' dir='ltr'><strong>est,</strong></span> <span class='ocrx_word' id='word_1_59' title='bbox 1149 855 1220 939; x_wconf 82' lang='lat' dir='ltr'><strong>quia</strong></span> 
     </span>
     <span class='ocr_line' id='line_1_8' title="bbox 114 951 1222 1043; baseline -0.002 -17"><span class='ocrx_word' id='word_1_60' title='bbox 114 959 290 1026; x_wconf 81' lang='lat' dir='ltr'><strong>femininum</strong></span> <span class='ocrx_word' id='word_1_61' title='bbox 314 955 371 1018; x_wconf 91' lang='lat' dir='ltr'><strong>nisi</strong></span> <span class='ocrx_word' id='word_1_62' title='bbox 394 955 429 1016; x_wconf 90' lang='lat' dir='ltr'><strong>de</strong></span> <span class='ocrx_word' id='word_1_63' title='bbox 452 952 561 1017; x_wconf 84' lang='lat' dir='ltr'><strong>chorda</strong></span> <span class='ocrx_word' id='word_1_64' title='bbox 583 951 737 1015; x_wconf 81' lang='lat' dir='ltr'><strong>rarissime</strong></span> <span class='ocrx_word' id='word_1_65' title='bbox 760 954 884 1032; x_wconf 88' lang='lat' dir='ltr'><strong>dicitur,</strong></span> <span class='ocrx_word' id='word_1_66' title='bbox 915 951 1066 1022; x_wconf 74' lang='lat' dir='ltr'><strong>susosld’</strong></span> <span class='ocrx_word' id='word_1_67' title='bbox 1081 951 1222 1043; x_wconf 67' lang='lat' dir='ltr'><strong>indm</strong></span> 
     </span>
     <span class='ocr_line' id='line_1_9' title="bbox 116 1050 1223 1146; baseline 0.001 -22"><span class='ocrx_word' id='word_1_68' title='bbox 116 1061 237 1146; x_wconf 81' lang='lat' dir='ltr'><strong>Philipp.</strong></span> <span class='ocrx_word' id='word_1_69' title='bbox 270 1058 372 1141; x_wconf 81' lang='lat' dir='ltr'><strong>lipigr.</strong></span> <span class='ocrx_word' id='word_1_70' title='bbox 395 1052 493 1117; x_wconf 87' lang='lat' dir='ltr'><strong>XVll.</strong></span> <span class='ocrx_word' id='word_1_71' title='bbox 516 1050 592 1119; x_wconf 91' lang='grc'><strong>216.</strong></span> <span class='ocrx_word' id='word_1_72' title='bbox 623 1053 659 1115; x_wconf 93' lang='grc' dir='ltr'><strong>Τ.</strong></span> <span class='ocrx_word' id='word_1_73' title='bbox 684 1052 724 1129; x_wconf 76' lang='lat' dir='ltr'><strong>ll.</strong></span> <span class='ocrx_word' id='word_1_74' title='bbox 751 1056 845 1120; x_wconf 82' lang='lat' dir='ltr'><strong>Antis.</strong></span> <span class='ocrx_word' id='word_1_75' title='bbox 880 1058 944 1122; x_wconf 82' lang='lat' dir='ltr'><strong>Pol.</strong></span> <span class='ocrx_word' id='word_1_76' title='bbox 971 1056 1023 1122; x_wconf 95' lang='lat' dir='ltr'><strong>Vl.</strong></span> <span class='ocrx_word' id='word_1_77' title='bbox 1052 1079 1085 1122; x_wconf 94' lang='lat' dir='ltr'><strong>n.</strong></span> <span class='ocrx_word' id='word_1_78' title='bbox 1109 1057 1164 1126; x_wconf 85' lang='grc'><strong>62.</strong></span> <span class='ocrx_word' id='word_1_79' title='bbox 1190 1070 1223 1125; x_wconf 84' lang='lat' dir='ltr'><strong>et</strong></span> 
     </span>
     <span class='ocr_line' id='line_1_10' title="bbox 114 1151 1219 1246; baseline -0.005 -14"><span class='ocrx_word' id='word_1_80' title='bbox 114 1159 179 1232; x_wconf 74' lang='lat' dir='ltr'><strong>sris</strong></span> <span class='ocrx_word' id='word_1_81' title='bbox 200 1153 339 1228; x_wconf 71' lang='grc' dir='ltr'><strong><em>ὑπάταν</em></strong></span> <span class='ocrx_word' id='word_1_82' title='bbox 359 1151 466 1245; x_wconf 74' lang='grc' dir='ltr'><strong><em>ιῖρχάα</em></strong></span> <span class='ocrx_word' id='word_1_83' title='bbox 487 1155 542 1239; x_wconf 84' lang='lat' dir='ltr'><strong>llp.</strong></span> <span class='ocrx_word' id='word_1_84' title='bbox 566 1153 676 1238; x_wconf 86' lang='lat' dir='ltr'><strong>Adesp.</strong></span> <span class='ocrx_word' id='word_1_85' title='bbox 701 1156 819 1220; x_wconf 85' lang='lat' dir='ltr'><strong>DCVll.</strong></span> <span class='ocrx_word' id='word_1_86' title='bbox 843 1161 977 1243; x_wconf 86' lang='lat' dir='ltr'><strong>Append.</strong></span> <span class='ocrx_word' id='word_1_87' title='bbox 1001 1158 1041 1224; x_wconf 88' lang='lat' dir='ltr'><strong>N.</strong></span> <span class='ocrx_word' id='word_1_88' title='bbox 1059 1158 1139 1228; x_wconf 82' lang='grc'><strong>285.</strong></span> <span class='ocrx_word' id='word_1_89' title='bbox 1161 1182 1219 1246; x_wconf 87' lang='lat' dir='ltr'><strong>qno</strong></span> 
     </span>
     <span class='ocr_line' id='line_1_11' title="bbox 115 1252 1220 1349; baseline 0 -18"><span class='ocrx_word' id='word_1_90' title='bbox 115 1265 182 1331; x_wconf 91' lang='lat' dir='ltr'><strong>loco</strong></span> <span class='ocrx_word' id='word_1_91' title='bbox 203 1259 341 1326; x_wconf 85' lang='lat' dir='ltr'><strong>nonnulli</strong></span> <span class='ocrx_word' id='word_1_92' title='bbox 362 1252 504 1324; x_wconf 75' lang='grc' dir='ltr'><strong><em>ὑπάτοιο</em></strong></span> <span class='ocrx_word' id='word_1_93' title='bbox 526 1257 683 1336; x_wconf 83' lang='lat' dir='ltr'><strong>scribunt3</strong></span> <span class='ocrx_word' id='word_1_94' title='bbox 707 1260 759 1321; x_wconf 92' lang='lat' dir='ltr'><strong>sed</strong></span> <span class='ocrx_word' id='word_1_95' title='bbox 782 1261 896 1325; x_wconf 80' lang='lat' dir='ltr'><strong>centies</strong></span> <span class='ocrx_word' id='word_1_96' title='bbox 918 1262 1030 1347; x_wconf 84' lang='lat' dir='ltr'><strong>legitur</strong></span> <span class='ocrx_word' id='word_1_97' title='bbox 1049 1260 1073 1349; x_wconf 75' lang='grc' dir='ltr'><em>ἦ</em></span> <span class='ocrx_word' id='word_1_98' title='bbox 1085 1259 1220 1340; x_wconf 79' lang='grc' dir='ltr'><strong><em>ὕπατος</em></strong></span> 
     </span>
     <span class='ocr_line' id='line_1_12' title="bbox 114 1359 1217 1457; baseline 0.004 -30"><span class='ocrx_word' id='word_1_99' title='bbox 114 1361 200 1457; x_wconf 77' lang='grc' dir='ltr'><strong><em>α’ρχή</em></strong></span> <span class='ocrx_word' id='word_1_100' title='bbox 221 1363 297 1448; x_wconf 85' lang='lat' dir='ltr'><strong>apud</strong></span> <span class='ocrx_word' id='word_1_101' title='bbox 318 1382 419 1425; x_wconf 89' lang='lat' dir='ltr'><strong>rerum</strong></span> <span class='ocrx_word' id='word_1_102' title='bbox 437 1359 613 1444; x_wconf 81' lang='lat' dir='ltr'><strong>praesertim</strong></span> <span class='ocrx_word' id='word_1_103' title='bbox 639 1381 829 1426; x_wconf 81' lang='lat' dir='ltr'><strong>romanarum</strong></span> <span class='ocrx_word' id='word_1_104' title='bbox 852 1364 1014 1449; x_wconf 76' lang='lat' dir='ltr'><strong>scriptores</strong></span> <span class='ocrx_word' id='word_1_105' title='bbox 1036 1365 1139 1452; x_wconf 83' lang='lat' dir='ltr'><strong>Polyb.</strong></span> <span class='ocrx_word' id='word_1_106' title='bbox 1163 1366 1217 1432; x_wconf 90' lang='lat' dir='ltr'><strong>lll.</strong></span> 
     </span>
     <span class='ocr_line' id='line_1_13' title="bbox 115 1462 1218 1551; baseline 0.001 -19"><span class='ocrx_word' id='word_1_107' title='bbox 115 1469 169 1546; x_wconf 79' lang='lat'><strong>40,</strong></span> <span class='ocrx_word' id='word_1_108' title='bbox 193 1467 225 1533; x_wconf 83' lang='lat'><strong>9.</strong></span> <span class='ocrx_word' id='word_1_109' title='bbox 248 1465 334 1528; x_wconf 89' lang='lat' dir='ltr'><strong>Diod.</strong></span> <span class='ocrx_word' id='word_1_110' title='bbox 358 1465 415 1527; x_wconf 91' lang='lat' dir='ltr'><strong>Xl.</strong></span> <span class='ocrx_word' id='word_1_111' title='bbox 438 1462 491 1528; x_wconf 91' lang='grc'><strong>51.</strong></span> <span class='ocrx_word' id='word_1_112' title='bbox 515 1463 640 1549; x_wconf 79' lang='lat' dir='ltr'><strong>Dionys.</strong></span> <span class='ocrx_word' id='word_1_113' title='bbox 664 1462 751 1527; x_wconf 83' lang='lat' dir='ltr'><strong>Antt.</strong></span> <span class='ocrx_word' id='word_1_114' title='bbox 773 1466 817 1528; x_wconf 89' lang='lat' dir='ltr'><strong>X.</strong></span> <span class='ocrx_word' id='word_1_115' title='bbox 841 1463 895 1529; x_wconf 83' lang='lat'><strong>33.</strong></span> <span class='ocrx_word' id='word_1_116' title='bbox 921 1467 1047 1551; x_wconf 85' lang='lat' dir='ltr'><strong>Appien.</strong></span> <span class='ocrx_word' id='word_1_117' title='bbox 1073 1469 1141 1534; x_wconf 85' lang='lat' dir='ltr'><strong>Giv.</strong></span> <span class='ocrx_word' id='word_1_118' title='bbox 1166 1468 1218 1534; x_wconf 95' lang='lat' dir='ltr'><strong>lll.</strong></span> 
     </span>
     <span class='ocr_line' id='line_1_14' title="bbox 116 1565 1222 1653; baseline 0.007 -22"><span class='ocrx_word' id='word_1_119' title='bbox 116 1571 170 1638; x_wconf 82' lang='grc'><strong>82.</strong></span> <span class='ocrx_word' id='word_1_120' title='bbox 201 1570 256 1632; x_wconf 89' lang='lat' dir='ltr'><strong>llio</strong></span> <span class='ocrx_word' id='word_1_121' title='bbox 287 1565 372 1631; x_wconf 83' lang='lat' dir='ltr'><strong>Coss.</strong></span> <span class='ocrx_word' id='word_1_122' title='bbox 404 1565 498 1629; x_wconf 90' lang='lat' dir='ltr'><strong>LXll.</strong></span> <span class='ocrx_word' id='word_1_123' title='bbox 532 1565 588 1631; x_wconf 84' lang='grc'><strong>23.</strong></span> <span class='ocrx_word' id='word_1_124' title='bbox 625 1567 774 1631; x_wconf 84' lang='lat' dir='ltr'><strong>Onosnnd.</strong></span> <span class='ocrx_word' id='word_1_125' title='bbox 806 1567 945 1632; x_wconf 91' lang='lat' dir='ltr'><strong>Prooem.</strong></span> <span class='ocrx_word' id='word_1_126' title='bbox 975 1591 1002 1653; x_wconf 90' lang='lat' dir='ltr'><strong>p.</strong></span> <span class='ocrx_word' id='word_1_127' title='bbox 1025 1570 1057 1634; x_wconf 91' lang='grc'><strong>2.</strong></span> <span class='ocrx_word' id='word_1_128' title='bbox 1088 1565 1222 1647; x_wconf 73' lang='grc' dir='ltr'><strong><em>ὕπατος</em></strong></span> 
     </span>
     <span class='ocr_line' id='line_1_15' title="bbox 116 1665 1216 1759; baseline 0.002 -25"><span class='ocrx_word' id='word_1_129' title='bbox 116 1665 223 1759; x_wconf 67' lang='grc' dir='ltr'><strong><em>ἐσθής</em></strong></span> <span class='ocrx_word' id='word_1_130' title='bbox 243 1670 367 1753; x_wconf 81' lang='lat' dir='ltr'><strong>Appinn.</strong></span> <span class='ocrx_word' id='word_1_131' title='bbox 393 1666 460 1731; x_wconf 82' lang='lat' dir='ltr'><strong>civ.</strong></span> <span class='ocrx_word' id='word_1_132' title='bbox 489 1667 528 1733; x_wconf 92' lang='lat' dir='ltr'><strong>ll.</strong></span> <span class='ocrx_word' id='word_1_133' title='bbox 555 1667 626 1735; x_wconf 94' lang='grc'><strong>122.</strong></span> <span class='ocrx_word' id='word_1_134' title='bbox 659 1667 742 1755; x_wconf 75' lang='grc' dir='ltr'><strong><em>τιμή</em></strong></span> <span class='ocrx_word' id='word_1_135' title='bbox 764 1669 877 1733; x_wconf 88' lang='lat' dir='ltr'><strong>Zosim.</strong></span> <span class='ocrx_word' id='word_1_136' title='bbox 902 1671 940 1735; x_wconf 88' lang='lat' dir='ltr'><strong>V.</strong></span> <span class='ocrx_word' id='word_1_137' title='bbox 967 1669 1027 1748; x_wconf 88' lang='lat'><strong>18,</strong></span> <span class='ocrx_word' id='word_1_138' title='bbox 1050 1671 1125 1738; x_wconf 88' lang='grc'><strong>435.</strong></span> <span class='ocrx_word' id='word_1_139' title='bbox 1156 1683 1216 1738; x_wconf 87' lang='lat' dir='ltr'><strong>etc.</strong></span> 
     </span>
     <span class='ocr_line' id='line_1_16' title="bbox 117 1767 1221 1859; baseline 0 -19"><span class='ocrx_word' id='word_1_140' title='bbox 117 1777 270 1859; x_wconf 81' lang='lat' dir='ltr'><strong>Multoque</strong></span> <span class='ocrx_word' id='word_1_141' title='bbox 293 1771 390 1835; x_wconf 92' lang='lat' dir='ltr'><strong>minus</strong></span> <span class='ocrx_word' id='word_1_142' title='bbox 412 1791 485 1855; x_wconf 90' lang='lat' dir='ltr'><strong>opus</strong></span> <span class='ocrx_word' id='word_1_143' title='bbox 507 1781 573 1835; x_wconf 83' lang='lat' dir='ltr'><strong>erat</strong></span> <span class='ocrx_word' id='word_1_144' title='bbox 596 1772 757 1856; x_wconf 83' lang='lat' dir='ltr'><strong>compositu</strong></span> <span class='ocrx_word' id='word_1_145' title='bbox 778 1767 978 1858; x_wconf 77' lang='grc' dir='ltr'><strong><em>παροποὶται</em></strong></span> <span class='ocrx_word' id='word_1_146' title='bbox 1000 1773 1146 1840; x_wconf 79' lang='lat' dir='ltr'><strong>Gaudent.</strong></span> <span class='ocrx_word' id='word_1_147' title='bbox 1171 1775 1221 1840; x_wconf 85' lang='lat' dir='ltr'><strong>ln·</strong></span> 
     </span>
     <span class='ocr_line' id='line_1_17' title="bbox 117 1871 1218 1962; baseline -0.004 -16"><span class='ocrx_word' id='word_1_148' title='bbox 117 1881 196 1946; x_wconf 88' lang='lat' dir='ltr'><strong>trod.</strong></span> <span class='ocrx_word' id='word_1_149' title='bbox 221 1877 321 1940; x_wconf 81' lang='lat' dir='ltr'><strong>Herm.</strong></span> <span class='ocrx_word' id='word_1_150' title='bbox 344 1895 373 1958; x_wconf 91' lang='lat' dir='ltr'><strong>p.</strong></span> <span class='ocrx_word' id='word_1_151' title='bbox 399 1871 452 1937; x_wconf 85' lang='lat'><strong>18.</strong></span> <span class='ocrx_word' id='word_1_152' title='bbox 477 1884 508 1937; x_wconf 91' lang='lat' dir='ltr'><strong>et</strong></span> <span class='ocrx_word' id='word_1_153' title='bbox 528 1872 724 1960; x_wconf 69' lang='lat' dir='ltr'><strong>mcoccoicoc</strong></span> <span class='ocrx_word' id='word_1_154' title='bbox 752 1874 867 1938; x_wconf 86' lang='lat' dir='ltr'><strong>Euclid.</strong></span> <span class='ocrx_word' id='word_1_155' title='bbox 898 1876 978 1939; x_wconf 86' lang='lat' dir='ltr'><strong>Seet.</strong></span> <span class='ocrx_word' id='word_1_156' title='bbox 1004 1876 1079 1941; x_wconf 86' lang='lat' dir='ltr'><strong>Can.</strong></span> <span class='ocrx_word' id='word_1_157' title='bbox 1109 1899 1140 1962; x_wconf 90' lang='lat' dir='ltr'><strong>p.</strong></span> <span class='ocrx_word' id='word_1_158' title='bbox 1164 1877 1218 1942; x_wconf 92' lang='grc'><strong>35.</strong></span> 
     </span>
     <span class='ocr_line' id='line_1_18' title="bbox 118 1974 1220 2064; baseline -0.003 -18"><span class='ocrx_word' id='word_1_159' title='bbox 118 1994 150 2046; x_wconf 88' lang='lat' dir='ltr'><strong>et</strong></span> <span class='ocrx_word' id='word_1_160' title='bbox 171 1976 224 2042; x_wconf 89' lang='grc'><strong>36.</strong></span> <span class='ocrx_word' id='word_1_161' title='bbox 247 1975 336 2061; x_wconf 80' lang='lat' dir='ltr'><strong>Alpp.</strong></span> <span class='ocrx_word' id='word_1_162' title='bbox 361 1974 475 2038; x_wconf 86' lang='lat' dir='ltr'><strong>lutrod.</strong></span> <span class='ocrx_word' id='word_1_163' title='bbox 499 1975 577 2039; x_wconf 89' lang='lat' dir='ltr'><strong>Mus.</strong></span> <span class='ocrx_word' id='word_1_164' title='bbox 609 1998 639 2060; x_wconf 91' lang='lat' dir='ltr'><strong>p.</strong></span> <span class='ocrx_word' id='word_1_165' title='bbox 662 1976 695 2042; x_wconf 93' lang='grc'><strong>2.</strong></span> <span class='ocrx_word' id='word_1_166' title='bbox 720 1977 935 2061; x_wconf 76' lang='lat' dir='ltr'><strong>adjectivorum</strong></span> <span class='ocrx_word' id='word_1_167' title='bbox 955 1980 1042 2043; x_wconf 93' lang='lat' dir='ltr'><strong>modo</strong></span> <span class='ocrx_word' id='word_1_168' title='bbox 1063 1991 1220 2064; x_wconf 84' lang='lat' dir='ltr'><strong>accentum</strong></span> 
     </span>
     <span class='ocr_line' id='line_1_19' title="bbox 117 2077 1221 2165; baseline -0.003 -16"><span class='ocrx_word' id='word_1_169' title='bbox 117 2081 294 2153; x_wconf 79' lang='lat' dir='ltr'><strong>retrahere,</strong></span> <span class='ocrx_word' id='word_1_170' title='bbox 323 2096 447 2157; x_wconf 91' lang='lat' dir='ltr'><strong>quorum</strong></span> <span class='ocrx_word' id='word_1_171' title='bbox 482 2097 500 2140; x_wconf 84' lang='lat' dir='ltr'>a</span> <span class='ocrx_word' id='word_1_172' title='bbox 527 2077 719 2140; x_wconf 92' lang='lat' dir='ltr'><strong>similitudine</strong></span> <span class='ocrx_word' id='word_1_173' title='bbox 750 2079 876 2162; x_wconf 82' lang='lat' dir='ltr'><strong>genitivi</strong></span> <span class='ocrx_word' id='word_1_174' title='bbox 907 2102 1022 2165; x_wconf 89' lang='lat' dir='ltr'><strong>quoque</strong></span> <span class='ocrx_word' id='word_1_175' title='bbox 1049 2083 1221 2147; x_wconf 90' lang='lat' dir='ltr'><strong>desciscunt</strong></span> 
     </span>
     <span class='ocr_line' id='line_1_20' title="bbox 117 2177 1220 2268; baseline -0.003 -17"><span class='ocrx_word' id='word_1_176' title='bbox 117 2185 187 2254; x_wconf 82' lang='lat' dir='ltr'><strong>cciv</strong></span> <span class='ocrx_word' id='word_1_177' title='bbox 211 2179 419 2266; x_wconf 73' lang='grc' dir='ltr'><strong><em>παρανητώο</em></strong></span> <span class='ocrx_word' id='word_1_178' title='bbox 446 2177 504 2245; x_wconf 79' lang='lat' dir='ltr'><strong>sot</strong></span> <span class='ocrx_word' id='word_1_179' title='bbox 533 2179 747 2266; x_wconf 80' lang='grc' dir='ltr'><strong><em>παροπαιώα</em></strong></span> <span class='ocrx_word' id='word_1_180' title='bbox 775 2180 921 2247; x_wconf 75' lang='lat' dir='ltr'><strong>Gaudent.</strong></span> <span class='ocrx_word' id='word_1_181' title='bbox 952 2205 981 2268; x_wconf 90' lang='lat' dir='ltr'><strong>p.</strong></span> <span class='ocrx_word' id='word_1_182' title='bbox 1006 2181 1058 2247; x_wconf 90' lang='grc'><strong>18.</strong></span> <span class='ocrx_word' id='word_1_183' title='bbox 1082 2184 1220 2249; x_wconf 82' lang='lat' dir='ltr'><strong>Aristox.</strong></span> 
     </span>
    </p>

    <p class='ocr_par' dir='ltr' id='par_1_3' title="bbox 70 2279 1223 3088">
     <span class='ocr_line' id='line_1_21' title="bbox 117 2279 1221 2369; baseline -0.003 -15"><span class='ocrx_word' id='word_1_184' title='bbox 117 2289 220 2354; x_wconf 84' lang='lat' dir='ltr'><strong>Herm.</strong></span> <span class='ocrx_word' id='word_1_185' title='bbox 245 2281 282 2346; x_wconf 90' lang='lat' dir='ltr'><strong>ll.</strong></span> <span class='ocrx_word' id='word_1_186' title='bbox 307 2279 360 2347; x_wconf 89' lang='grc'><strong>52.</strong></span> <span class='ocrx_word' id='word_1_187' title='bbox 405 2280 515 2361; x_wconf 76' lang='lat' dir='ltr'><strong>Eadem</strong></span> <span class='ocrx_word' id='word_1_188' title='bbox 546 2282 626 2346; x_wconf 83' lang='lat' dir='ltr'><strong>circe</strong></span> <span class='ocrx_word' id='word_1_189' title='bbox 647 2283 706 2347; x_wconf 84' lang='lat' dir='ltr'><strong>alia</strong></span> <span class='ocrx_word' id='word_1_190' title='bbox 728 2285 917 2364; x_wconf 80' lang='lat' dir='ltr'><strong>observatio,</strong></span> <span class='ocrx_word' id='word_1_191' title='bbox 948 2306 1022 2369; x_wconf 85' lang='lat' dir='ltr'><strong>quee</strong></span> <span class='ocrx_word' id='word_1_192' title='bbox 1043 2307 1116 2349; x_wconf 92' lang='lat' dir='ltr'><strong>usus</strong></span> <span class='ocrx_word' id='word_1_193' title='bbox 1138 2308 1221 2351; x_wconf 90' lang='lat' dir='ltr'><strong>com·</strong></span> 
     </span>
     <span class='ocr_line' id='line_1_22' title="bbox 70 2373 1220 2473; baseline -0.005 -15"><span class='ocrx_word' id='word_1_194' title='bbox 70 2373 73 2379; x_wconf 45' lang='grc'><strong>’</strong></span> <span class='ocrx_word' id='word_1_195' title='bbox 116 2389 217 2457; x_wconf 89' lang='lat' dir='ltr'><strong>munis</strong></span> <span class='ocrx_word' id='word_1_196' title='bbox 239 2386 274 2451; x_wconf 84' lang='lat' dir='ltr'><strong>ab</strong></span> <span class='ocrx_word' id='word_1_197' title='bbox 295 2384 451 2469; x_wconf 78' lang='lat' dir='ltr'><strong>adjectivis</strong></span> <span class='ocrx_word' id='word_1_198' title='bbox 473 2385 603 2450; x_wconf 87' lang='lat' dir='ltr'><strong>secrevit</strong></span> <span class='ocrx_word' id='word_1_199' title='bbox 628 2395 659 2448; x_wconf 90' lang='lat' dir='ltr'><strong>et</strong></span> <span class='ocrx_word' id='word_1_200' title='bbox 687 2387 851 2472; x_wconf 84' lang='lat' dir='ltr'><strong>disjunxit:</strong></span> <span class='ocrx_word' id='word_1_201' title='bbox 883 2391 919 2454; x_wconf 85' lang='lat' dir='ltr'><strong>ol</strong></span> <span class='ocrx_word' id='word_1_202' title='bbox 941 2383 1064 2472; x_wconf 79' lang='lat' dir='ltr'><strong>time&#39;pcc</strong></span> <span class='ocrx_word' id='word_1_203' title='bbox 1084 2385 1220 2473; x_wconf 85' lang='lat' dir='ltr'><strong>Hesyoh.</strong></span> 
     </span>
     <span class='ocr_line' id='line_1_23' title="bbox 118 2485 1223 2576; baseline -0.002 -18"><span class='ocrx_word' id='word_1_204' title='bbox 118 2493 201 2558; x_wconf 90' lang='lat' dir='ltr'><strong>Suid.</strong></span> <span class='ocrx_word' id='word_1_205' title='bbox 232 2488 376 2572; x_wconf 86' lang='lat' dir='ltr'><strong>Harpocr.</strong></span> <span class='ocrx_word' id='word_1_206' title='bbox 405 2485 530 2565; x_wconf 68' lang='lat' dir='ltr'><strong>,Oriom</strong></span> <span class='ocrx_word' id='word_1_207' title='bbox 547 2509 577 2572; x_wconf 90' lang='lat' dir='ltr'><strong>p.</strong></span> <span class='ocrx_word' id='word_1_208' title='bbox 603 2485 676 2553; x_wconf 84' lang='grc'><strong>154.</strong></span> <span class='ocrx_word' id='word_1_209' title='bbox 711 2490 864 2576; x_wconf 89' lang='lat' dir='ltr'><strong>Moschop.</strong></span> <span class='ocrx_word' id='word_1_210' title='bbox 896 2488 1000 2552; x_wconf 88' lang='lat' dir='ltr'><strong>Sched.</strong></span> <span class='ocrx_word' id='word_1_211' title='bbox 1030 2509 1060 2572; x_wconf 92' lang='lat' dir='ltr'><strong>p.</strong></span> <span class='ocrx_word' id='word_1_212' title='bbox 1085 2485 1159 2552; x_wconf 90' lang='grc'><strong>138.</strong></span> <span class='ocrx_word' id='word_1_213' title='bbox 1186 2493 1223 2556; x_wconf 84' lang='grc' dir='ltr'><strong>αἱ</strong></span> 
     </span>
     <span class='ocr_line' id='line_1_24' title="bbox 117 2589 1217 2676; baseline -0.006 -14"><span class='ocrx_word' id='word_1_214' title='bbox 117 2591 226 2662; x_wconf 72' lang='grc' dir='ltr'><strong><em>εὐδίαι</em></strong></span> <span class='ocrx_word' id='word_1_215' title='bbox 251 2590 345 2656; x_wconf 84' lang='lat' dir='ltr'><strong>Arist.</strong></span> <span class='ocrx_word' id='word_1_216' title='bbox 375 2590 414 2655; x_wconf 90' lang='lat' dir='ltr'><strong>ll.</strong></span> <span class='ocrx_word' id='word_1_217' title='bbox 444 2590 526 2654; x_wconf 85' lang='lat' dir='ltr'><strong>Anu.</strong></span> <span class='ocrx_word' id='word_1_218' title='bbox 563 2589 637 2653; x_wconf 91' lang='lat' dir='ltr'><strong>Vlll.</strong></span> <span class='ocrx_word' id='word_1_219' title='bbox 672 2589 722 2656; x_wconf 92' lang='grc'><strong>15.</strong></span> <span class='ocrx_word' id='word_1_220' title='bbox 753 2614 781 2675; x_wconf 92' lang='lat' dir='ltr'><strong>p.</strong></span> <span class='ocrx_word' id='word_1_221' title='bbox 813 2592 896 2668; x_wconf 78' lang='lat'><strong>590,</strong></span> <span class='ocrx_word' id='word_1_222' title='bbox 927 2590 978 2655; x_wconf 86' lang='lat'><strong>15.</strong></span> <span class='ocrx_word' id='word_1_223' title='bbox 990 2592 1034 2673; x_wconf 72' lang='grc'><strong>66)</strong></span> <span class='ocrx_word' id='word_1_224' title='bbox 1068 2590 1217 2676; x_wconf 89' lang='lat' dir='ltr'><strong>Theophr.</strong></span> 
     </span>
     <span class='ocr_line' id='line_1_25' title="bbox 89 2685 1220 2779; baseline 0 -21"><span class='ocrx_word' id='word_1_225' title='bbox 89 2696 208 2758; x_wconf 70' lang='lat' dir='ltr'><strong>‹Geus</strong></span> <span class='ocrx_word' id='word_1_226' title='bbox 232 2690 283 2753; x_wconf 95' lang='lat' dir='ltr'><strong>lll.</strong></span> <span class='ocrx_word' id='word_1_227' title='bbox 307 2689 362 2765; x_wconf 87' lang='grc'><strong>23,</strong></span> <span class='ocrx_word' id='word_1_228' title='bbox 387 2690 419 2753; x_wconf 84' lang='grc'><strong>5.</strong></span> <span class='ocrx_word' id='word_1_229' title='bbox 444 2696 481 2754; x_wconf 81' lang='grc' dir='ltr'><strong>αἱ</strong></span> <span class='ocrx_word' id='word_1_230' title='bbox 501 2691 758 2774; x_wconf 79' lang='grc' dir='ltr'><strong><em>περικεφαλαῑαι</em></strong></span> <span class='ocrx_word' id='word_1_231' title='bbox 779 2691 909 2772; x_wconf 88' lang='lat' dir='ltr'><strong>Hesych.</strong></span> <span class='ocrx_word' id='word_1_232' title='bbox 932 2711 958 2752; x_wconf 89' lang='lat' dir='ltr'><strong>s.</strong></span> <span class='ocrx_word' id='word_1_233' title='bbox 975 2685 1162 2779; x_wconf 80' lang='lat' dir='ltr'><strong>chooc&#39;poct,</strong></span> <span class='ocrx_word' id='word_1_234' title='bbox 1183 2698 1220 2761; x_wconf 87' lang='grc' dir='ltr'><strong>αἱ</strong></span> 
     </span>
     <span class='ocr_line' id='line_1_26' title="bbox 118 2787 1218 2881; baseline -0.003 -20"><span class='ocrx_word' id='word_1_235' title='bbox 118 2805 250 2881; x_wconf 73' lang='grc' dir='ltr'><strong><em>κεραῖαι</em></strong></span> <span class='ocrx_word' id='word_1_236' title='bbox 279 2789 415 2875; x_wconf 86' lang='lat' dir='ltr'><strong>Thucyd.</strong></span> <span class='ocrx_word' id='word_1_237' title='bbox 440 2788 511 2852; x_wconf 70' lang='lat' dir='ltr'><strong>Vll.</strong></span> <span class='ocrx_word' id='word_1_238' title='bbox 525 2789 557 2851; x_wconf 89' lang='grc'><strong>4.</strong></span> <span class='ocrx_word' id='word_1_239' title='bbox 586 2787 698 2851; x_wconf 82' lang='lat' dir='ltr'><strong>Athen.</strong></span> <span class='ocrx_word' id='word_1_240' title='bbox 723 2788 760 2852; x_wconf 90' lang='lat' dir='ltr'><strong>V.</strong></span> <span class='ocrx_word' id='word_1_241' title='bbox 783 2787 857 2854; x_wconf 87' lang='grc'><strong>208.</strong></span> <span class='ocrx_word' id='word_1_242' title='bbox 889 2790 922 2854; x_wconf 89' lang='grc' dir='ltr'><strong>Β.</strong></span> <span class='ocrx_word' id='word_1_243' title='bbox 945 2790 1046 2857; x_wconf 92' lang='lat' dir='ltr'><strong>Noun.</strong></span> <span class='ocrx_word' id='word_1_244' title='bbox 1071 2794 1109 2858; x_wconf 96' lang='lat' dir='ltr'><strong>V.</strong></span> <span class='ocrx_word' id='word_1_245' title='bbox 1135 2795 1218 2881; x_wconf 54' lang='lat'><strong>75⁷)</strong></span> 
     </span>
     <span class='ocr_line' id='line_1_27' title="bbox 118 2886 1218 2974; baseline -0.004 -9"><span class='ocrx_word' id='word_1_246' title='bbox 118 2903 155 2966; x_wconf 83' lang='lat' dir='ltr'><strong>cl</strong></span> <span class='ocrx_word' id='word_1_247' title='bbox 175 2892 304 2962; x_wconf 76' lang='grc' dir='ltr'><strong><em>σκελέαι</em></strong></span> <span class='ocrx_word' id='word_1_248' title='bbox 326 2890 402 2974; x_wconf 88' lang='lat' dir='ltr'><strong>quod</strong></span> <span class='ocrx_word' id='word_1_249' title='bbox 423 2890 501 2953; x_wconf 85' lang='lat' dir='ltr'><strong>male</strong></span> <span class='ocrx_word' id='word_1_250' title='bbox 523 2886 654 2955; x_wconf 82' lang='grc' dir='ltr'><strong><em>σκελεαί</em></strong></span> <span class='ocrx_word' id='word_1_251' title='bbox 679 2890 820 2955; x_wconf 83' lang='lat' dir='ltr'><strong>scribitur</strong></span> <span class='ocrx_word' id='word_1_252' title='bbox 841 2891 916 2957; x_wconf 91' lang='lat' dir='ltr'><strong>Poll.</strong></span> <span class='ocrx_word' id='word_1_253' title='bbox 940 2894 982 2957; x_wconf 83' lang='lat' dir='ltr'><strong>X.</strong></span> <span class='ocrx_word' id='word_1_254' title='bbox 1008 2892 1081 2959; x_wconf 92' lang='grc'><strong>168.</strong></span> <span class='ocrx_word' id='word_1_255' title='bbox 1107 2907 1138 2960; x_wconf 85' lang='lat' dir='ltr'><strong>et</strong></span> <span class='ocrx_word' id='word_1_256' title='bbox 1159 2897 1218 2962; x_wconf 88' lang='lat' dir='ltr'><strong>lle·</strong></span> 
     </span>
     <span class='ocr_line' id='line_1_28' title="bbox 119 2991 1219 3088; baseline -0.005 -22"><span class='ocrx_word' id='word_1_257' title='bbox 119 2999 204 3088; x_wconf 83' lang='lat' dir='ltr'><strong>syci.</strong></span> <span class='ocrx_word' id='word_1_258' title='bbox 231 3001 268 3065; x_wconf 81' lang='grc' dir='ltr'><strong>αἱ</strong></span> <span class='ocrx_word' id='word_1_259' title='bbox 287 2991 405 3061; x_wconf 74' lang='lat' dir='ltr'><strong>turdos</strong></span> <span class='ocrx_word' id='word_1_260' title='bbox 433 3003 492 3056; x_wconf 88' lang='lat' dir='ltr'><strong>etc.</strong></span> <span class='ocrx_word' id='word_1_261' title='bbox 523 3013 648 3078; x_wconf 89' lang='lat' dir='ltr'><strong>quornm</strong></span> <span class='ocrx_word' id='word_1_262' title='bbox 675 2993 807 3057; x_wconf 91' lang='lat' dir='ltr'><strong>omnium</strong></span> <span class='ocrx_word' id='word_1_263' title='bbox 839 3017 933 3080; x_wconf 83' lang='lat' dir='ltr'><strong>genus</strong></span> <span class='ocrx_word' id='word_1_264' title='bbox 956 2997 1151 3061; x_wconf 80' lang='lat' dir='ltr'><strong>mascnlinum</strong></span> <span class='ocrx_word' id='word_1_265' title='bbox 1173 2997 1219 3062; x_wconf 92' lang='lat' dir='ltr'><strong>in-</strong></span> 
     </span>
    </p>
   </div>
   <div class='ocr_carea' id='block_1_3' title="bbox 64 3272 1221 3948">
    <p class='ocr_par' dir='ltr' id='par_1_4' title="bbox 100 3272 1221 3521">
     <span class='ocr_line' id='line_1_29' title="bbox 188 3272 1220 3346; baseline 0.002 -15"><span class='ocrx_word' id='word_1_266' title='bbox 188 3279 233 3345; x_wconf 85' lang='grc'><strong>65)</strong></span> <span class='ocrx_word' id='word_1_267' title='bbox 251 3277 300 3328; x_wconf 88' lang='lat' dir='ltr'><strong>Sed</strong></span> <span class='ocrx_word' id='word_1_268' title='bbox 319 3275 422 3329; x_wconf 77' lang='grc' dir='ltr'><strong><em>Μαοὶαι</em></strong></span> <span class='ocrx_word' id='word_1_269' title='bbox 438 3272 572 3341; x_wconf 80' lang='lat' dir='ltr'><strong>vulgatum</strong></span> <span class='ocrx_word' id='word_1_270' title='bbox 585 3275 701 3342; x_wconf 84' lang='lat' dir='ltr'><strong>Apollon.</strong></span> <span class='ocrx_word' id='word_1_271' title='bbox 715 3275 828 3330; x_wconf 77' lang='grc'><strong>11115.</strong></span> <span class='ocrx_word' id='word_1_272' title='bbox 848 3275 987 3346; x_wconf 80' lang='lat' dir='ltr'><strong>contriqne</strong></span> <span class='ocrx_word' id='word_1_273' title='bbox 994 3278 1139 3332; x_wconf 79' lang='lat' dir='ltr'><strong>Atticorum</strong></span> <span class='ocrx_word' id='word_1_274' title='bbox 1157 3297 1220 3333; x_wconf 86' lang='lat' dir='ltr'><strong>non·</strong></span> 
     </span>
     <span class='ocr_line' id='line_1_30' title="bbox 117 3358 1221 3434; baseline 0.002 -16"><span class='ocrx_word' id='word_1_275' title='bbox 117 3364 184 3419; x_wconf 86' lang='lat' dir='ltr'><strong>unlli</strong></span> <span class='ocrx_word' id='word_1_276' title='bbox 202 3363 365 3416; x_wconf 79' lang='lat' dir='ltr'><strong>substantiva</strong></span> <span class='ocrx_word' id='word_1_277' title='bbox 381 3360 478 3428; x_wconf 75' lang='grc' dir='ltr'><strong><em>αι’τίαι,</em></strong></span> <span class='ocrx_word' id='word_1_278' title='bbox 493 3358 603 3432; x_wconf 71' lang='grc' dir='ltr'><strong><em>ἡμέραι,</em></strong></span> <span class='ocrx_word' id='word_1_279' title='bbox 621 3363 658 3413; x_wconf 88' lang='lat' dir='ltr'><strong>sic</strong></span> <span class='ocrx_word' id='word_1_280' title='bbox 675 3363 857 3429; x_wconf 77' lang='lat' dir='ltr'><strong>pronunciasse</strong></span> <span class='ocrx_word' id='word_1_281' title='bbox 868 3365 991 3417; x_wconf 87' lang='lat' dir='ltr'><strong>dicuntur</strong></span> <span class='ocrx_word' id='word_1_282' title='bbox 1002 3373 1031 3417; x_wconf 91' lang='lat' dir='ltr'><strong>nt</strong></span> <span class='ocrx_word' id='word_1_283' title='bbox 1042 3383 1088 3434; x_wconf 88' lang='lat' dir='ltr'><strong>pro</strong></span> <span class='ocrx_word' id='word_1_284' title='bbox 1106 3369 1221 3420; x_wconf 84' lang='lat' dir='ltr'><strong>secundo</strong></span> 
     </span>
     <span class='ocr_line' id='line_1_31' title="bbox 100 3449 412 3521; baseline -0.013 -19"><span class='ocrx_word' id='word_1_285' title='bbox 100 3457 241 3521; x_wconf 40' lang='lat' dir='ltr'><strong>&amp;nerent</strong></span> <span class='ocrx_word' id='word_1_286' title='bbox 258 3449 374 3516; x_wconf 82' lang='lat' dir='ltr'><strong>primum.</strong></span> <span class='ocrx_word' id='word_1_287' title='bbox 410 3494 412 3498; x_wconf 89' lang='lat'><strong>.</strong></span> 
     </span>
    </p>

    <p class='ocr_par' dir='ltr' id='par_1_5' title="bbox 117 3528 1220 3690">
     <span class='ocr_line' id='line_1_32' title="bbox 186 3528 1220 3605; baseline 0.004 -17"><span class='ocrx_word' id='word_1_288' title='bbox 186 3535 231 3603; x_wconf 84' lang='lat' dir='ltr'><strong>dd)</strong></span> <span class='ocrx_word' id='word_1_289' title='bbox 247 3528 493 3588; x_wconf 68' lang='lat' dir='ltr'><strong>EidictBekkerns</strong></span> <span class='ocrx_word' id='word_1_290' title='bbox 517 3535 622 3602; x_wconf 86' lang='lat' dir='ltr'><strong>scripsit</strong></span> <span class='ocrx_word' id='word_1_291' title='bbox 642 3535 740 3596; x_wconf 78' lang='lat' dir='ltr'><strong>tecitc;</strong></span> <span class='ocrx_word' id='word_1_292' title='bbox 767 3536 828 3585; x_wconf 88' lang='lat' dir='ltr'><strong>novi</strong></span> <span class='ocrx_word' id='word_1_293' title='bbox 851 3536 951 3602; x_wconf 81' lang='lat' dir='ltr'><strong>quidem</strong></span> <span class='ocrx_word' id='word_1_294' title='bbox 974 3544 1061 3605; x_wconf 84' lang='lat' dir='ltr'><strong>poetes</strong></span> <span class='ocrx_word' id='word_1_295' title='bbox 1084 3530 1172 3593; x_wconf 73' lang='lat' dir='ltr'><strong>sidroc</strong></span> <span class='ocrx_word' id='word_1_296' title='bbox 1193 3548 1220 3592; x_wconf 88' lang='lat' dir='ltr'><strong>et</strong></span> 
     </span>
     <span class='ocr_line' id='line_1_33' title="bbox 117 3618 1140 3690; baseline -0.003 -13"><span class='ocrx_word' id='word_1_297' title='bbox 117 3618 204 3680; x_wconf 69' lang='grc' dir='ltr'><strong><em>ἔνδιοι</em></strong></span> <span class='ocrx_word' id='word_1_298' title='bbox 221 3620 351 3672; x_wconf 82' lang='lat' dir='ltr'><strong>interdum</strong></span> <span class='ocrx_word' id='word_1_299' title='bbox 368 3620 517 3686; x_wconf 90' lang='lat' dir='ltr'><strong>producere,</strong></span> <span class='ocrx_word' id='word_1_300' title='bbox 537 3621 582 3672; x_wconf 88' lang='lat' dir='ltr'><strong>sed</strong></span> <span class='ocrx_word' id='word_1_301' title='bbox 599 3621 664 3672; x_wconf 88' lang='lat' dir='ltr'><strong>illud</strong></span> <span class='ocrx_word' id='word_1_302' title='bbox 680 3621 744 3672; x_wconf 83' lang='lat' dir='ltr'><strong>milti</strong></span> <span class='ocrx_word' id='word_1_303' title='bbox 761 3628 865 3687; x_wconf 75' lang='lat' dir='ltr'><strong>praeter</strong></span> <span class='ocrx_word' id='word_1_304' title='bbox 882 3624 1021 3690; x_wconf 87' lang='lat' dir='ltr'><strong>opinionem</strong></span> <span class='ocrx_word' id='word_1_305' title='bbox 1038 3622 1140 3674; x_wconf 88' lang='lat' dir='ltr'><strong>incidit.</strong></span> 
     </span>
    </p>

    <p class='ocr_par' dir='ltr' id='par_1_6' title="bbox 64 3705 1219 3948">
     <span class='ocr_line' id='line_1_34' title="bbox 178 3705 1219 3783; baseline 0.001 -24"><span class='ocrx_word' id='word_1_306' title='bbox 178 3705 231 3783; x_wconf 78' lang='lat' dir='ltr'><strong>tt)</strong></span> <span class='ocrx_word' id='word_1_307' title='bbox 247 3705 275 3759; x_wconf 93' lang='lat' dir='ltr'><strong>ld</strong></span> <span class='ocrx_word' id='word_1_308' title='bbox 293 3706 434 3773; x_wconf 85' lang='lat' dir='ltr'><strong>exemplum</strong></span> <span class='ocrx_word' id='word_1_309' title='bbox 452 3706 564 3758; x_wconf 87' lang='lat' dir='ltr'><strong>ulienum</strong></span> <span class='ocrx_word' id='word_1_310' title='bbox 587 3714 629 3759; x_wconf 89' lang='lat' dir='ltr'><strong>est</strong></span> <span class='ocrx_word' id='word_1_311' title='bbox 646 3707 670 3757; x_wconf 89' lang='lat' dir='ltr'><strong>si</strong></span> <span class='ocrx_word' id='word_1_312' title='bbox 687 3706 811 3770; x_wconf 77' lang='lat' dir='ltr'><strong>adjectivi</strong></span> <span class='ocrx_word' id='word_1_313' title='bbox 835 3709 968 3762; x_wconf 72' lang='lat' dir='ltr'><strong>obliterari</strong></span> <span class='ocrx_word' id='word_1_314' title='bbox 984 3715 1106 3760; x_wconf 75' lang='lat' dir='ltr'><strong>secuntus</strong></span> <span class='ocrx_word' id='word_1_315' title='bbox 1129 3710 1152 3760; x_wconf 91' lang='lat' dir='ltr'><strong>is</strong></span> <span class='ocrx_word' id='word_1_316' title='bbox 1177 3719 1219 3765; x_wconf 80' lang='lat' dir='ltr'><strong>est</strong></span> 
     </span>
     <span class='ocr_line' id='line_1_35' title="bbox 64 3785 1218 3863; baseline 0.005 -19"><span class='ocrx_word' id='word_1_317' title='bbox 64 3810 66 3820; x_wconf 69' lang='lat'>¹</span> <span class='ocrx_word' id='word_1_318' title='bbox 117 3809 192 3859; x_wconf 78' lang='lat' dir='ltr'><strong>quem</strong></span> <span class='ocrx_word' id='word_1_319' title='bbox 209 3793 291 3862; x_wconf 89' lang='lat' dir='ltr'><strong>poscit</strong></span> <span class='ocrx_word' id='word_1_320' title='bbox 306 3792 394 3861; x_wconf 79' lang='lat' dir='ltr'><strong>lltym.</strong></span> <span class='ocrx_word' id='word_1_321' title='bbox 413 3790 517 3851; x_wconf 62' lang='lat' dir='ltr'><strong>Mose.</strong></span> <span class='ocrx_word' id='word_1_322' title='bbox 528 3793 569 3844; x_wconf 78' lang='lat' dir='ltr'><strong>ll.</strong></span> <span class='ocrx_word' id='word_1_323' title='bbox 587 3792 690 3860; x_wconf 73' lang='lat' dir='ltr'><strong>sepcies</strong></span> <span class='ocrx_word' id='word_1_324' title='bbox 706 3785 815 3863; x_wconf 73' lang='grc' dir='ltr'><strong>ὤφειλεν</strong></span> <span class='ocrx_word' id='word_1_325' title='bbox 828 3791 899 3848; x_wconf 75' lang='grc' dir='ltr'><strong><em>εἶναι</em></strong></span> <span class='ocrx_word' id='word_1_326' title='bbox 911 3788 947 3848; x_wconf 81' lang='lat' dir='ltr'><strong>cic</strong></span> <span class='ocrx_word' id='word_1_327' title='bbox 958 3795 1091 3863; x_wconf 68' lang='grc' dir='ltr'><strong><em>κνεφαῖος,</em></strong></span> <span class='ocrx_word' id='word_1_328' title='bbox 1108 3790 1218 3852; x_wconf 79' lang='lat' dir='ltr'><strong>cddat‘os</strong></span> 
     </span>
     <span class='ocr_line' id='line_1_36' title="bbox 116 3872 1218 3948; baseline 0.005 -19"><span class='ocrx_word' id='word_1_329' title='bbox 116 3877 156 3944; x_wconf 84' lang='lat' dir='ltr'><strong>(et</strong></span> <span class='ocrx_word' id='word_1_330' title='bbox 164 3877 273 3935; x_wconf 70' lang='lat' dir='ltr'><strong>isesias</strong></span> <span class='ocrx_word' id='word_1_331' title='bbox 285 3878 367 3946; x_wconf 78' lang='lat' dir='ltr'><strong>puto).</strong></span> <span class='ocrx_word' id='word_1_332' title='bbox 386 3879 513 3930; x_wconf 76' lang='lat' dir='ltr'><strong>Arcadius</strong></span> <span class='ocrx_word' id='word_1_333' title='bbox 530 3893 556 3944; x_wconf 90' lang='lat' dir='ltr'><strong>p.</strong></span> <span class='ocrx_word' id='word_1_334' title='bbox 576 3879 620 3939; x_wconf 77' lang='lat' dir='ltr'><strong>tt,</strong></span> <span class='ocrx_word' id='word_1_335' title='bbox 638 3879 665 3929; x_wconf 83' lang='lat' dir='ltr'><strong>t.</strong></span> <span class='ocrx_word' id='word_1_336' title='bbox 683 3873 719 3931; x_wconf 82' lang='lat' dir='ltr'><strong>coi</strong></span> <span class='ocrx_word' id='word_1_337' title='bbox 731 3872 797 3947; x_wconf 77' lang='grc' dir='ltr'><strong><em>παρ’</em></strong></span> <span class='ocrx_word' id='word_1_338' title='bbox 809 3874 954 3946; x_wconf 75' lang='grc' dir='ltr'><strong><em>οὐδετέραν</em></strong></span> <span class='ocrx_word' id='word_1_339' title='bbox 974 3875 1106 3948; x_wconf 73' lang='grc' dir='ltr'><strong>γενόμενα</strong></span> <span class='ocrx_word' id='word_1_340' title='bbox 1123 3873 1218 3944; x_wconf 73' lang='grc' dir='ltr'><strong><em>ὀξύνο-</em></strong></span> 
     </span>
    </p>
   </div>
   <div class='ocr_carea' id='block_1_4' title="bbox 17 3956 1216 4036">
    <p class='ocr_par' dir='ltr' id='par_1_7' title="bbox 17 3956 1216 4036">
     <span class='ocr_line' id='line_1_37' title="bbox 17 3956 1216 4036; baseline 0.004 -23"><span class='ocrx_word' id='word_1_341' title='bbox 17 3956 19 3963; x_wconf 83' lang='grc'><strong>’</strong></span> <span class='ocrx_word' id='word_1_342' title='bbox 115 3969 292 4035; x_wconf 68' lang='lat' dir='ltr'><strong>cosmetor,</strong></span> <span class='ocrx_word' id='word_1_343' title='bbox 306 3967 447 4036; x_wconf 67' lang='grc' dir='ltr'><strong><em>αραταίοι,</em></strong></span> <span class='ocrx_word' id='word_1_344' title='bbox 459 3963 569 4015; x_wconf 84' lang='lat' dir='ltr'><strong>lortnsse</strong></span> <span class='ocrx_word' id='word_1_345' title='bbox 587 3963 698 4027; x_wconf 77' lang='lat' dir='ltr'><strong>intelligi</strong></span> <span class='ocrx_word' id='word_1_346' title='bbox 719 3964 804 4017; x_wconf 78' lang='lat' dir='ltr'><strong>voluit</strong></span> <span class='ocrx_word' id='word_1_347' title='bbox 826 3979 892 4031; x_wconf 81' lang='lat' dir='ltr'><strong>quse</strong></span> <span class='ocrx_word' id='word_1_348' title='bbox 916 3965 1062 4029; x_wconf 80' lang='lat' dir='ltr'><strong>possessive</strong></span> <span class='ocrx_word' id='word_1_349' title='bbox 1086 3982 1135 4017; x_wconf 91' lang='lat' dir='ltr'><strong>non</strong></span> <span class='ocrx_word' id='word_1_350' title='bbox 1153 3975 1216 4018; x_wconf 87' lang='lat' dir='ltr'><strong>snut</strong></span> 
     </span>
    </p>
   </div>
   <div class='ocr_carea' id='block_1_5' title="bbox 115 4044 1160 4122">
    <p class='ocr_par' dir='ltr' id='par_1_8' title="bbox 115 4044 1160 4122">
     <span class='ocr_line' id='line_1_38' title="bbox 115 4044 1160 4122; baseline 0.005 -22"><span class='ocrx_word' id='word_1_351' title='bbox 115 4046 186 4100; x_wconf 83' lang='lat' dir='ltr'><strong>sient</strong></span> <span class='ocrx_word' id='word_1_352' title='bbox 201 4045 310 4118; x_wconf 76' lang='lat' dir='ltr'><strong>dpccloc</strong></span> <span class='ocrx_word' id='word_1_353' title='bbox 322 4050 425 4103; x_wconf 73' lang='lat' dir='ltr'><strong>acuitur</strong></span> <span class='ocrx_word' id='word_1_354' title='bbox 441 4049 490 4106; x_wconf 76' lang='grc' dir='ltr'><strong>ἵνα</strong></span> <span class='ocrx_word' id='word_1_355' title='bbox 506 4044 546 4119; x_wconf 77' lang='grc' dir='ltr'><em>μή</em></span> <span class='ocrx_word' id='word_1_356' title='bbox 559 4047 609 4122; x_wconf 71' lang='grc' dir='ltr'><strong>σχῇ</strong></span> <span class='ocrx_word' id='word_1_357' title='bbox 626 4046 715 4104; x_wconf 78' lang='lat' dir='ltr'><strong>cinos</strong></span> <span class='ocrx_word' id='word_1_358' title='bbox 729 4047 857 4122; x_wconf 74' lang='grc' dir='ltr'><strong>κτηναιόν</strong></span> <span class='ocrx_word' id='word_1_359' title='bbox 875 4048 963 4118; x_wconf 79' lang='lat' dir='ltr'><strong>Etym.</strong></span> <span class='ocrx_word' id='word_1_360' title='bbox 980 4050 1017 4104; x_wconf 84' lang='lat' dir='ltr'><strong>ll.</strong></span> <span class='ocrx_word' id='word_1_361' title='bbox 1035 4049 1160 4114; x_wconf 52' lang='lat' dir='ltr'><strong>dludi.</strong></span> 
     </span>
    </p>
   </div>
   <div class='ocr_carea' id='block_1_6' title="bbox 0 0 1278 4492">
    <p class='ocr_par' dir='ltr' id='par_1_9' title="bbox 0 0 1278 4492">
     <span class='ocr_line' id='line_1_39' title="bbox 0 0 1278 4492; baseline 0 0"><span class='ocrx_word' id='word_1_362' title='bbox 0 0 1278 4492; x_wconf 95' lang='lat' dir='ltr'><strong> </strong></span> 
     </span>
    </p>
   </div>
  </div>
 </body>
</html>
