2534 4492
129 99 183 230 nn
197 144 334 228 noum.
358 152 513 222 tonsor.
528 152 579 217 nr
596 151 721 218 sunsr.
737 152 827 220 osv.
843 152 976 222 unio.
993 157 1070 241 §.a
1093 159 1162 225 aar

53 348 103 410 sui
125 344 248 418 avulsa;
271 340 324 404 illa
346 350 456 414 antem,
481 355 557 422 quae
577 335 642 419 ipsa
663 335 761 418 specie
783 357 836 400 sna
857 335 1159 415 determinanturat·

56 468 112 531 que
126 449 170 510 ita
185 445 314 528 quidem,
337 453 371 506 ut
392 441 419 504 si
441 440 505 524 quis
524 437 673 502 audiverit
688 437 795 500 librum
810 439 951 522 quendam
968 439 1046 528 περὶ
1062 441 1160 508 λοοκ-

56 549 120 634 τῆς
142 546 316 631 inscriptum
345 563 432 618 esse,
464 542 567 604 eodem
588 539 717 622 vestigio
744 539 829 623 pellis
857 541 997 626 cogitatio
1026 544 1161 608 subitura

57 651 112 727 sit,
142 644 442 734 pseudosuhstautiva
476 641 528 707 vel
560 641 823 705 semisuhstantiva
858 644 958 708 vocari
990 658 1157 711 merentur.

57 754 122 818 Duo
145 763 246 815 autem
268 750 356 833 hujus
387 744 508 829 generis
531 743 674 828 adjectiva
702 743 882 807 transitione
910 747 946 809 ad
973 750 1159 814 substantiva

58 856 137 919 lacta
157 854 304 938 majorem
324 850 438 911 formae
460 847 652 911 mutationem
674 845 830 909 subierunt
852 842 959 936 ijhdo
978 851 1051 933 (nisi
1071 853 1102 916 id
1123 853 1160 918 ad

10 974 35 1007 ··-
58 954 334 1020 tlenomiuatiouem
357 948 498 1033 pertinet)
525 959 556 1012 et
579 940 629 1014 οἷα
654 947 719 1011 sive
742 941 783 1014 ὅα
810 943 879 1014 cinti
901 946 962 1035 τῆς
983 945 1052 1026 ὄϊος
1080 955 1156 1021 Poll.

10 1042 18 1067 ²
57 1057 126 1121 Vll.
152 1054 204 1121 62.
227 1056 270 1118 Χ.
296 1049 367 1117 180.
390 1049 554 1114 Philemon.
580 1049 712 1113 Gramm.
736 1051 764 1135 §-
784 1048 858 1114 308.
882 1052 960 1115 unde
982 1053 1160 1137 adjectivum

59 1159 144 1235 οἷὲα,
169 1157 225 1224 oiri
248 1156 311 1220 sive
337 1149 385 1242 pici
407 1153 474 1216 duci
496 1153 632 1227 debehat,
656 1147 713 1218 oeci
735 1145 876 1239 μαλακή
897 1153 1026 1239 Hesych.
1060 1155 1161 1221 Tertio

59 1263 125 1326 loco
148 1261 277 1324 referam
298 1257 417 1323 nomina
439 1256 578 1319 arborum
600 1255 836 1339 fructicumqne,
865 1277 941 1339 quae
962 1278 980 1321 a
1001 1258 1162 1334 fructibus,

60 1377 92 1429 ut
114 1363 146 1426 in
168 1361 290 1426 novitiis
313 1357 484 1444 quibusdam
506 1348 864 1442 linguis,hognominari
886 1359 985 1424 solent
1005 1356 1165 1448 οἷμκγδα-

60 1467 115 1554 tp,
138 1463 233 1550 οοκῆ,
249 1462 345 1554 ῥοδῆ,
367 1460 491 1548 κιτρέα,
513 1459 634 1546 μαλέα,
655 1459 775 1545 poplo,
791 1481 916 1542 quorum
939 1464 995 1527 duo
1011 1476 1163 1549 postrema

61 1568 234 1634 llnstathios
256 1588 285 1648 p.
315 1561 411 1637 1063,
436 1561 488 1625 64.
513 1583 531 1625 e
555 1562 681 1647 μῆλον,
708 1556 839 1650 μόρον,
862 1564 1075 1649 adjectivorum
1102 1570 1164 1633 ritn

62 1672 195 1736 derivata
217 1667 308 1742 dicit;
336 1685 431 1748 neque
452 1663 542 1728 aliter
562 1663 660 1728 sentio
685 1666 721 1728 de
746 1663 900 1754 κεραοὲα,
921 1669 1161 1755 caecantem),

61 1770 234 1860 κοκκογὲα,
258 1760 484 1852 κοκκυμηλέα,
508 1766 708 1853 concuretio,
734 1768 830 1851 picea,
854 1770 967 1847 laurea,
991 1771 1080 1835 vinea
1104 1758 1191 1855 (vi-'

62 1877 127 1959 tis).
150 1874 235 1949 Haud
249 1892 343 1955 aeque
355 1871 448 1954 liquet
465 1869 624 1954 originario
638 1871 790 1934 nominum
801 1871 935 1951 πτελέαι,
952 1872 1033 1957 ἰτέα,
1047 1868 1162 1952 οἷκτέα,

63 1978 114 2042 sed
135 1979 162 2042 si
185 1979 374 2065 conjecturae
395 1972 492 2049 locus,
515 1972 642 2058 primum
656 1974 802 2059 patalam
835 1974 1005 2059 significare
1031 1977 1162 2054 videtur,

64 2081 138 2164 qnod
161 2091 192 2144 et
220 2080 293 2143 ulmi
323 2075 474 2162 epitheton
503 2077 655 2162 proprium
676 2077 761 2142 Pers.
794 2077 856 2140 Sat.
881 2075 932 2140 lll.
957 2075 989 2141 6.
1021 2089 1051 2142 et
1082 2102 1162 2144 com-

64 2204 152 2246 mune
174 2184 313 2246 erhornm
336 2180 540 2265 complurium.
586 2180 753 2266 Hesychius
775 2179 911 2246 Πτελέα
928 2216 971 2228 -
984 2179 1074 2256 older
1088 2174 1164 2250 div-⁸

64 2284 157 2371 (ipro,
182 2295 213 2348 ct
231 2274 391 2368 Πετήλας
411 2277 491 2355 τούς
510 2279 707 2368 θαμκώὸεις
731 2280 899 2368 φοίνικας,
923 2284 1001 2346 undo
1023 2295 1054 2348 et
1070 2284 1163 2370 Nym-

63 2387 136 2471 phae
160 2387 279 2449 Pteleae
301 2406 411 2448 nomeu
439 2385 557 2448 ductum
591 2384 712 2450 videtur
737 2384 847 2448 Athen.
875 2383 926 2447 lll.
951 2383 1003 2449 78.
1026 2385 1061 2448 Β.
1087 2389 1164 2470 quod

62 2489 91 2554 in
117 2487 203 2550 codd.
227 2483 369 2552 ποταλία
391 2485 542 2560 scribitur,
566 2495 749 2568 cognataque
769 2486 830 2548 illis
855 2485 990 2561 πτέλας,
1013 2480 1161 2573 πατοῖκη,
1261 2541 1263 2547 ,

26 2608 29 2619 ·
63 2601 179 2677 patera.
193 2650 210 2665 ,,
226 2581 315 2652 ’Ῑτεά
332 2585 424 2659 salix,
449 2606 535 2667 qoam
548 2586 680 2646 Arcades
701 2582 813 2668 ἑλίκηκ
828 2585 980 2660 dixerunt,
1003 2607 1069 2650 oum
1081 2587 1162 2667 vieo,

64 2693 178 2766 umen,
201 2687 272 2752 vitis
294 2685 388 2768 (ἑλιξ)
410 2705 547 2768 magnam
569 2683 791 2749 similitudinem
816 2685 915 2761 hahet,
938 2707 973 2750 uc
994 2686 1170 2756 hreviorem

64 2794 189 2859 formam
219 2787 388 2854 asservavit
421 2787 525 2851 Suidas
549 2780 644 2860 Ἴτος
672 2787 756 2854 ἰτέα.
811 2788 945 2853 Tertium
976 2785 1079 2860 οἷκτοά
1107 2794 1163 2860 hoc
1208 2808 1216 2832 ⁸

65 2895 150 2958 modo
181 2893 213 2955 in
240 2890 364 2956 Luciani
399 2890 523 2974 quodam
551 2912 642 2955 versu
671 2889 835 2969 scribitur,
865 2888 984 2967 οἷκτέος
1011 2895 1043 2958 in
1076 2899 1160 2963 codd.

65 2994 258 3080 Theophrasti
282 2994 320 3056 H.
344 2993 388 3055 Pl.
413 2992 464 3055 lll.
489 2991 531 3069 4,
553 2993 586 3058 2.
611 3003 642 3056 et
661 2992 800 3057 vitiosius
827 2993 888 3080 τῆς
914 2990 1032 3085 οἷκτὲος
1054 2998 1160 3065 Galen.

66 3099 140 3184 Eup.
164 3097 201 3165 ll.
225 3095 278 3174 17,
303 3093 378 3160 450.
403 3091 615 3181 preclarior,
637 3094 729 3179 vulgo
751 3106 850 3159 antem
872 3091 1038 3184 α’κτήιιοιι
1065 3102 1162 3167 solum

66 3202 96 3264 in
117 3198 313 3284 Theophrasti
343 3197 440 3273 libris,
462 3198 511 3261 uhi
531 3196 729 3260 Schueiderns
756 3210 910 3264 accentum
931 3199 1061 3279 inflexit,
1085 3206 1164 3270 sicut

67 3313 113 3366 est
134 3301 219 3365 Paul.
242 3301 317 3385 Aeg.
340 3300 379 3365 V.
404 3298 437 3380 3,
461 3297 534 3365 162.
559 3309 590 3362 et
610 3299 677 3361 aliis
700 3298 792 3377 locis,
821 3302 873 3364 sed
896 3303 985 3395 etiapr
1006 3279 1092 3392 llipp.
1125 3309 1161 3370 dc

66 3405 165 3468 Diact.
189 3402 227 3466 ll.
257 3400 331 3466 688.
361 3402 397 3466 Τ.
425 3401 450 3465 Ι.
480 3403 516 3466 de
537 3400 607 3465 Nat.
631 3400 705 3464 Mul.
733 3422 763 3486 p.
788 3401 863 3466 541.
895 3404 930 3468 Τ.
954 3405 992 3469 ll.
1023 3408 1058 3471 de
1085 3408 1158 3472 Mul.

65 3507 162 3571 Morh.
185 3503 300 3591 p.878.
325 3503 430 3569 Galen.
454 3504 529 3588 Eup.
544 3502 581 3567 ll.
599 3501 631 3581 1,
650 3501 723 3568 393.
744 3515 803 3568 etc.
828 3517 861 3569 ut
882 3500 991 3594 φακῆ,
1013 3501 1162 3595 σηοαμή,

67 3608 117 3672 cui
139 3605 236 3673 tonosi
258 3607 398 3673 convenit
427 3606 605 3692 adjectivum
626 3599 793 3692 οἵκτικος,
809 3610 886 3693 quod
907 3605 1058 3686 οἷκτέὶκος
1086 3610 1161 3705 scri-

136 3865 181 3931 20)
196 3860 383 3934 mordatius,
399 3868 522 3932 κοραοέας
537 3865 631 3933 Geopp.
648 3854 690 3916 lll.
708 3865 731 3919 1.
750 3872 893 3929 καστανέα,
912 3872 1020 3937 aspecto
1035 3864 1076 3916 lll.
1091 3868 1117 3929 4,
1132 3871 1160 3925 2.

65 3945 230 4086 ξμτῖδαλῆκ,
245 3953 374 4021 capacior
388 3951 429 4011 13,
449 3953 475 4004 l·
493 3954 636 4006 καστακοία
652 3949 742 4004 Galen.
763 3955 794 4004 de
812 3954 900 4021 Temp.
916 3953 982 4006 Med.
995 3949 1039 4002 IV.
1052 3952 1084 4014 8,
1098 3954 1158 4008 648.

90 4071 96 4084 .
139 4035 159 4087 l.
