2534 4492
88 148 158 224 558
446 152 760 221 91889979719.
788 154 827 223 V.

88 337 262 414 voluerunt,
284 313 329 403 iic
349 342 384 402 nt
404 329 532 423 ποροίτη
547 337 660 402 dicitur
678 357 715 400 ac
734 330 873 423 περαία,
900 328 1055 427 deposed,
1081 334 1189 406 α’ντο·

87 438 153 525 λίη,
181 440 257 524 quod
289 461 377 522 quum
400 439 571 523 plerumque
600 460 653 523 pro
683 433 833 526 οίνατολή
856 439 1019 522 valeet⁶⁹),
1042 439 1120 503 idem
1142 452 1189 504 ta·

86 562 157 604 meu
177 542 323 626 adjective
345 542 451 605 dicitnr
472 537 611 627 οἷντολίη
630 535 758 629 οίρονρα
778 540 880 605 Νοοο.
899 541 1000 605 XXV.
1023 539 1077 606 98.
1105 563 1188 606 man·

86 643 182 726 sitque
206 643 261 707 boc
282 646 314 709 in
336 643 449 709 novitio
478 643 597 707 nomine
617 642 736 709 Nutolia
764 654 796 709 et
826 644 858 708 in
886 643 1005 728 proprio
1028 643 1186 715 Anatolius

86 754 121 808 ut
143 745 315 829 Eutropius.
592 831 612 917 ἓ
642 828 663 894 6

53 947 55 950 ’
168 931 318 996 Hactenus
341 932 553 1017 disputavimus
582 934 617 996 de
640 933 829 1010 nominibus,
860 932 965 1018 quibus
993 954 1043 997 res
1071 933 1187 1018 signifi·

86 1044 192 1099 cuntur
212 1056 393 1119 corporeae,
417 1056 541 1117 qnorum
571 1035 598 1099 si
620 1036 750 1100 maxima
779 1029 846 1119 pars
869 1037 912 1099 itu
936 1046 1105 1120 comparata
1128 1047 1186 1111 est,

83 1147 117 1199 ut
138 1157 179 1200 ex
200 1136 354 1221 adjectivis
377 1146 446 1199 nata
476 1158 543 1200 esse
572 1137 728 1214 videatur,
758 1137 832 1201 nibil
861 1149 920 1201 tam
952 1149 1186 1203 consentancum

26 1251 30 1258 “
84 1249 142 1314 est,
166 1259 252 1322 quam
276 1238 397 1301 eandem
420 1239 621 1323 suspicionem
644 1240 808 1303 transferre
822 1240 854 1303 in
878 1241 1060 1304 contrarium
1076 1261 1203 1324 genus.-

81 1340 125 1403 Ac
143 1341 206 1425 jam
228 1339 287 1402 alio
310 1352 443 1423 tempore
465 1342 501 1404 ad
522 1340 569 1426 Α).
592 1363 623 1405 v.
647 1339 722 1405 298.
748 1364 888 1427 magnum
921 1343 1059 1410 contraxi
1082 1362 1186 1405 nume·

83 1463 151 1506 rum
179 1441 412 1526 adjectivorum,
443 1443 548 1526 quibus
570 1442 628 1506 diei
660 1443 814 1529 noctisque
842 1455 942 1529 partes
964 1443 1183 1528 significantur,

82 1535 257 1630 οἷμφιλοίκη
276 1566 306 1608 v.
317 1544 394 1608 Voss
427 1546 462 1608 ad
480 1546 564 1609 Amt.
580 1542 655 1609 746.
680 1540 745 1632 spa
764 1547 830 1611 sive
842 1543 933 1633 ηὀίη,
949 1545 1105 1627 {autaut
1129 1549 1184 1611 ία·

80 1643 186 1731 θίνη,
216 1643 359 1733 ὀρθρία,
389 1652 518 1732 πρωίαν,
548 1647 745 1734 μεσημβρία
776 1648 1008 1737 (μεσημορία),
1031 1645 1183 1734 δειελίνη,

81 1748 217 1835 ἑσπέρα,
240 1745 376 1835 ἑοπερία
394 1749 515 1834 Oppian.
542 1750 618 1836 Cyn.
634 1750 657 1812 l.
684 1748 757 1814 138.
780 1752 913 1814 Maneth.
931 1750 969 1814 li.
986 1750 1061 1816 422.
1086 1745 1182 1838 ὀψία,

63 1848 289 1940 ,epponiacus
320 1849 419 1936 ζοφία
449 1851 539 1938 Enyo.
568 1852 623 1936 Ep.
655 1850 679 1914 l.
711 1851 999 1917 7.Anatl.'t.·111.
1030 1853 1082 1917 12.
1109 1876 1186 1918 ονο-

79 1951 150 2029 τία,
174 1963 205 2016 et
228 1962 360 2035 tempora
381 1954 451 2016 anni
474 1951 605 2038 θερεία,
628 1954 789 2044 χειμερία,
810 1953 982 2046 χεομερίνη
1004 1956 1133 2020 Herodo.
1157 1953 1181 2018 l.

80 2053 156 2120 292.
181 2050 300 2140 οίραία,
321 2056 563 2140 auctumnccw),
588 2058 720 2140 coelique
743 2059 900 2141 qualitates
922 2056 1056 2142 αἰθρία,
1079 2058 1184 2146 γαλη-

10 2202 13 2207 -
78 2155 179 2237 ναία,
202 2151 315 2229 cnidio,
337 2159 504 2244 νηνεμία,
533 2157 698 2246 cottofl),
722 2182 846 2242 quorum
870 2163 1021 2226 nominum
1043 2160 1184 2247 pleraque

79 2313 287 2327 m

149 2416 193 2483 69)
210 2416 302 2468 Differt
319 2418 365 2468 boc
383 2419 414 2469 ab
432 2413 586 2491 οίνορῥοπία
605 2428 632 2473 et
651 2421 831 2492 καταῤῥοττία,
849 2415 1006 2483 οίττοτομία,
1022 2413 1184 2480 ἐπιτροπία,

77 2501 217 2573 desponsio,
235 2506 367 2569 cracovia,
378 2502 535 2577 desponsio,
553 2509 692 2575 συντομία,
711 2509 870 2576 οοοτροφία,
894 2504 960 2571 quod
977 2502 1039 2553 haec
1057 2514 1184 2568 parasyn-

10 2603 19 2616 ·
78 2589 152 2641 theta
169 2598 231 2642 sunt
247 2607 295 2642 nec
311 2591 367 2643 sine
386 2592 472 2659 aliquo
490 2593 685 2658 significationis
703 2593 867 2652 discrimine;
886 2585 998 2654 οἰντοίίη
1017 2601 1078 2638 vero
1096 2601 1183 2638 merus

78 2681 119 2724 est
136 2675 392 2738 paraschemutismus
410 2684 440 2725 ut
457 2673 637 2740 cinomanica,
659 2675 813 2740 συνηβολίῃ,
833 2671 986 2738 ἐπιδρομίη.

33 2796 38 2803 .
147 2755 190 2822 79)
207 2757 328 2808 Eustutb.
348 2772 373 2823 p.
394 2757 469 2818 1595,
489 2756 514 2808 9.
534 2750 705 2826 οἷναλογοῖτὸ
720 2751 805 2807 ἔνδιος
818 2751 887 2821 ruptis
908 2750 940 2806 τό
954 2751 1038 2808 sidroc
1052 2747 1084 2809 ovi
1095 2754 1183 2823 θηλο-

77 2834 218 2904 abscidite,
236 2832 251 2894 ii
263 2839 337 2894 ἔστιν
350 2836 466 2908 sinapio.
493 2840 585 2891 Suidas
597 2836 685 2894 Ev'dic
698 2834 714 2908 ἡ
729 2832 792 2892 δίνου
806 2835 915 2907 α’νίμαν
928 2833 1025 2908 ἡμέρα.

147 2924 191 2991 71)
207 2921 249 2979 Δι’
263 2921 390 2995 ὀρφναίας
411 2926 476 2978 Eur.
496 2926 582 2992 Suppl.
610 2926 670 2978 994.
695 2919 904 2994 φοὶοο·ὄρφναίη
926 2926 1044 2991 ΑροΙΙοο.
1067 2925 1099 2980 11.
1120 2925 1180 2980 979.

77 3012 240 3065 Primitivum
258 3004 345 3082 ’ὄρφνη
367 3011 433 3062 nibil
457 3013 529 3064 uliud
546 3014 595 3072 est,
622 3026 697 3078 quum
715 3011 871 3076 adjectivum
896 3011 1053 3062 substantivi
1072 3021 1181 3065 accentu

77 3106 193 3150 notatum
211 3098 363 3163 saepiusque
381 3091 468 3166 ’ὄρφνη
491 3098 615 3150 scribitur
638 3106 669 3149 ut
686 3097 756 3150 Stob.
775 3097 846 3148 illor.
867 3095 987 3148 LXXIV.
1015 3098 1057 3149 dl.
1077 3114 1101 3165 p.
1118 3100 1181 3160 tlt,

78 3184 120 3238 18.
142 3184 168 3234 iu
185 3183 274 3248 Epigr.
294 3197 334 3248 up.
354 3181 428 3247 Diog.
447 3182 495 3234 Lu.
514 3182 561 3235 lX.
585 3186 627 3238 16.
656 3201 701 3251 pro
726 3200 774 3250 quo
800 3183 826 3233 in
843 3185 922 3236 Antb.
948 3181 978 3234 P.
997 3176 1045 3234 IX.
1071 3199 1097 3233 n.
1119 3184 1179 3236 549.

77 3261 165 3335 ὄρφνη
183 3269 295 3328 editum,
321 3277 441 3320 nentrum
465 3270 548 3333 mulo,
573 3271 623 3322 etsi
647 3271 713 3322 illud
737 3268 824 3334 rejicit
842 3265 996 3320 Scbaeferus
1014 3269 1045 3319 ad
1063 3265 1179 3334 Tbcogu.

79 3353 155 3408 1975.
177 3354 270 3406 Suidas
285 3348 387 3424 Ὀρφνὴ
404 3350 533 3418 ὀξυτόνως
548 3359 642 3409 σκοτία
656 3353 720 3428 νύξ..

147 3439 192 3506 tt)
209 3439 319 3492 Verbule
336 3442 441 3493 videtur
467 3449 498 3494 nt
524 3424 658 3502 ulurronus,x
683 3440 856 3504 Vertumnuo3
881 3455 1020 3511 paroupma
1038 3441 1180 3507 pilumnus,

77 3527 224 3581 Picumnus.
262 3527 330 3578 ldem
347 3533 520 3579 contemnum
540 3529 637 3578 dicitur
653 3543 746 3590 genero
762 3535 855 3578 neutro
873 3536 903 3579 ut
914 3529 1038 3585 doenum,
1057 3541 1179 3579 vernum.

147 3612 192 3680 73)
210 3613 281 3665 Hom.
296 3614 325 3665 ll.
341 3612 406 3665 Vlll.
428 3612 488 3666 397.
506 3612 599 3682 καρπῷ
616 3615 772 3681 βριθομένη
793 3616 898 3686 νοτίῃσί
916 3632 946 3667 το
967 3607 1106 3681 οἶαρίνῃοο
1127 3612 1181 3664 {Au-

78 3701 192 3754 statbius
209 3715 234 3768 p.
246 3700 306 3761 715,
325 3700 350 3755 2.
372 3701 473 3765 supplet
489 3701 602 3761 ποοαῖο,
621 3698 732 3765 fprtosse
750 3715 783 3750 ex
802 3699 895 3769 odyss.
914 3697 969 3750 Vll.
991 3696 1049 3749 119.
1071 3699 1182 3769 ζοφορίη

77 3793 210 3851 πνοίοοοα,
227 3787 295 3838 undo
319 3784 440 3853 Hesycbii
458 3785 542 3848 glossa
563 3786 657 3850 pendet
680 3789 794 3854 Ζεφυρίη
821 3781 839 3853 ἦ
861 3782 942 3851 πνοή.
980 3785 1030 3836 Sed
1052 3786 1099 3837 boc
1122 3787 1180 3840 loco

78 3875 241 3942 participium
258 3870 386 3936 adiectum
403 3878 444 3921 est
461 3869 585 3933 ejusmodi
603 3878 633 3921 ut
647 3886 735 3921 nomen
749 3869 823 3937 πνοή
842 3888 873 3922 ue
887 3871 1050 3923 desideretur
1064 3873 1177 3940 quidem,

78 3956 134 4007 illic
150 3963 229 4014 νοτία
241 3957 398 4012 substantivi
416 3957 498 4009 locum
518 3956 617 4009 obtinet
636 3963 666 4007 ut
678 3955 787 4009 Aristot.
809 3956 840 4009 ll.
862 3956 929 4009 Anu.
949 3955 982 4013 V.
1003 3957 1044 4012 17.
1065 3959 1134 4027 (19.)
1149 3960 1179 4017 2.

76 4035 152 4097 su’dtc
164 4047 209 4098 cot
221 4047 308 4101 νοτία.
