2534 4492
136 156 191 223 DE
203 155 339 223 Nouus.
354 154 510 223 Antuct.
525 153 578 221 ΕΤ
593 152 722 223 SUBST.
738 154 830 227 GEN.
846 154 981 223 AMBIG.
1003 157 1034 241 5.
1050 152 1085 221 d.
1108 154 1179 227 ab

77 332 177 416 Atque
199 332 304 397 borum
324 331 470 397 feminina
490 351 553 395 non
573 349 644 395 raro
658 328 908 401 substantivorum
922 342 1024 418 muns
1035 331 1180 407 οοίοοιοῑ.

79 435 293 518 comprehensa
312 436 400 501 moda
420 434 495 498 artis
517 443 550 497 et
569 431 705 497 officinae
726 433 811 495 modo
831 434 1022 499 instrumenti
1040 433 1179 508 notione,

79 536 225 613 oratoria,
247 537 428 611 barbatoria,
450 534 600 612 versoria,
622 533 737 599 lusoria
769 533 815 617 (id
834 547 881 599 est
898 536 1067 618 butellaria)
1093 528 1181 621 οίφο·

77 636 191 724 τνοία,
212 633 368 727 α’ρτηρία,
383 634 546 726 βατηρία,
569 635 756 722 ζευκτηρίαν,
768 635 936 721 ,ἱκετηρία
958 635 1181 726 asturensis,

77 742 288 827 πενοτηρία,
312 737 519 827 στυπτηρία,
543 737 723 829 οχαοτηρία
752 738 925 821 (casteria),
950 763 1073 823 quornm
1104 759 1180 803 non·

79 843 164 907 nulla
185 853 327 906 neutrum
349 863 465 925 quoqne
484 841 596 915 babent
612 854 643 913 et
664 843 874 909 masculinum.
921 840 1064 907 Victoria
1078 850 1179 905 autem

77 945 104 1011 si
128 945 197 1029 quis
220 944 374 1028 adjectivis
399 947 533 1009 inserere
561 945 708 1022 obstinet,
743 967 784 1009 ex
803 943 969 1033 synonymi
987 942 1103 1007 οόονοο
1124 962 1180 1006 usn

76 1045 278 1132 probabiliter
296 1046 496 1130 argumentari
520 1048 642 1132 poterit,
667 1069 818 1132 quorsum,
843 1047 893 1132 qni
913 1045 989 1111 illud
1008 1043 1182 1109 innotue-

77 1158 163 1222 runt,
188 1147 318 1210 animum
348 1148 542 1214 intenderint.
581 1151 647 1217 ‚Sed
679 1152 902 1216 consideremus
921 1147 993 1213 alia.
1039 1145 1183 1215 Hesso-

78 1248 134 1341 ‹t'j
155 1243 367 1316 οἷνελίοοεται
385 1251 472 1316 Arat.
500 1251 575 1316 714.
604 1253 632 1318 si
654 1253 720 1337 quis
741 1274 809 1317 cum
830 1254 897 1318 aliis
920 1251 1054 1338 ejusdem
1075 1254 1183 1331 postte

79 1351 256 1416 dictionibus
287 1353 422 1417 conferat
451 1351 620 1446 ὁμηλοοίῃ
648 1351 807 1422 οἷνελθοίν
839 1378 872 1421 v.
896 1353 970 1419 178.
999 1342 1185 1438 οίνωνομίῃ

79 1452 261 1540 φορέονται
281 1476 312 1519 v.
337 1452 412 1519 714.
443 1457 518 1520 nihil
540 1459 727 1521 cunctabitur
754 1457 973 1521 substantivum
994 1456 1108 1528 dicere,
1131 1447 1185 1517 sed

79 1556 156 1627 idem
178 1557 324 1621 concedet
344 1555 477 1620 dativum
505 1579 572 1622 esse
595 1579 682 1643 posse
704 1559 843 1644 adjectivi
870 1548 1055 1633 ποσοίιίιος
1076 1555 1186 1621 adver·

33 1652 37 1659 ’
79 1658 119 1723 bii
145 1655 298 1727 πασσυδί
327 1657 544 1743 significatione
576 1662 760 1746 praeditum,
798 1682 895 1746 neque
924 1661 1013 1726 aliter
1040 1661 1077 1723 de
1097 1676 1185 1724 παν·

80 1758 165 1849 οικίᾳ
198 1757 387 1847 (πανοικί),
416 1761 634 1848 similibusque,
664 1786 738 1850 quae
760 1765 796 1827 ad
821 1764 935 1847 Pbryn.
964 1785 995 1847 qn.
1018 1759 1094 1827 518.
1117 1779 1186 1843 pro·

82 1862 147 1939 tuli,
170 1863 293 1933 sentiet.
343 1862 532 1951 Τετραορία
560 1866 639 1931 band
667 1867 753 1932 dubie
774 1865 993 1931 substantivum
1015 1873 1064 1927 est
1084 1871 1118 1927 ut
1136 1884 1187 1925 το-

33 2008 35 2013 -
80 1965 286 2055 τραστοιχία,
300 1964 513 2055 διφαλαγγία,
528 1966 696 2057 τριλοφίαν,
718 1966 861 2056 accedia,
883 1962 1088 2054 τριοδοντία.
1102 1984 1188 2049 sair

80 2066 321 2156 ναιδοααμορία
344 2068 421 2133 Dial.
444 2070 596 2157 Hermipp.
625 2073 662 2137 de
682 2072 796 2137 Astrol.
822 2070 861 2135 11.
889 2070 941 2146 12,
962 2067 1017 2137 49.
1035 2066 1095 2133 sed
1115 2090 1187 2135 πα·

42 2262 47 2271 ἱ
81 2168 199 2259 ρηορία
224 2192 285 2236 non
309 2170 407 2235 solum
434 2171 462 2235 si
495 2171 559 2257 τήν
589 2176 648 2251 ἔξω
676 2173 739 2241 τοῦ
766 2173 868 2263 ζυγοῦ
894 2170 999 2260 ἦνίαν
1028 2173 1095 2237 sive
1115 2167 1183 2257 tora

80 2273 149 2358 equi
170 2273 280 2337 funalis
301 2272 462 2356 significat,
485 2276 537 2337 sed
553 2275 682 2343 etiamsi
695 2271 810 2362 νόημα
825 2271 1024 2362 παρηόριον,
1046 2266 1188 2359 adjectivi

33 2388 37 2393 '
79 2374 208 2441 similius
229 2374 349 2442 videtur
370 2385 404 2439 nt
424 2370 598 2461 οίαηόριος.
643 2371 851 2468 Αὐτοχοιρία
878 2377 993 2466 dqciccr
1006 2372 1185 2463 Apollonius

78 2479 170 2555 dixit,
194 2487 227 2538 nt
240 2473 430 2543 cairocrodic
458 2488 493 2540 ut
513 2479 668 2563 adjectivis
690 2482 889 2565 adscribatur,
912 2480 989 2543 baud
1010 2476 1098 2541 facile
1120 2472 1186 2558 quis

77 2577 301 2663 impetraverit.
343 2573 552 2663 Ὴμιαρανία
580 2590 611 2641 et
631 2579 847 2667 ἑτεροκρανία
868 2583 895 2645 si
909 2575 1092 2650 eumericus
1106 2572 1188 2662 ἡμι-

80 2671 219 2767 κριίνιος
249 2675 356 2741 Galen.
386 2677 499 2762 Eupor.
529 2679 566 2743 L.
590 2679 644 2745 111.
676 2670 749 2747 516.
782 2684 817 2747 Τ.
840 2681 925 2748 XIV.
958 2689 1186 2765 componuntur,

81 2781 156 2846 nibil
181 2777 352 2843 credibilinu
380 2789 447 2856 cst,
470 2801 556 2865 quam
586 2804 698 2849 nomen
728 2780 829 2863 νόοος
850 2787 992 2851 omissmr
1022 2805 1090 2849 esse
1099 2831 1111 2871 Ι,
1135 2783 1188 2847 scd

80 2904 194 2949 moram
214 2880 312 2967 injicit
333 2882 616 2970 contabescente,
639 2888 689 2951 eui
709 2889 825 2955 nullum
847 2912 915 2954 cum
936 2887 1093 2974 adjectivis
1114 2906 1186 2949 con·

54 2976 219 3051 sortium.
278 2982 324 3046 lta
352 2987 437 3068 quasi
468 2987 644 3073 reciprocis.
662 2991 747 3057 auris
780 2992 813 3056 in
841 2993 962 3056 diversa
990 2988 1183 3075 impellimur.

80 3084 218 3173 Αἰθρία
239 3106 328 3170 supra
350 3108 416 3150 enm
437 3088 589 3177 χειμερία
622 3105 653 3157 et
676 3093 823 3158 similibus
851 3094 1109 3169 consociavimns,
1132 3088 1187 3155 sed

81 3191 110 3255 si
131 3190 195 3273 quis
217 3188 249 3253 in
272 3187 455 3253 sonnacium
479 3194 604 3258 tendens
625 3197 661 3258 ab
675 3196 802 3283 αῖθοος
822 3195 872 3259 vel
888 3196 997 3285 αίθρα
1012 3195 1186 3279 productum

80 3301 115 3357 ut
138 3282 268 3379 ομοίτη
287 3287 409 3381 procis,
432 3314 451 3356 a
471 3287 569 3381 μα’νη
589 3296 721 3382 μανία,
748 3321 767 3364 a
785 3290 900 3385 οποίνη
926 3295 1055 3366 σπανία
1076 3295 1185 3378 ete.⁸²)

81 3395 271 3480 ejusdemque
294 3395 407 3460 ordinis
429 3416 497 3461 esse
518 3398 642 3475 statuit,
665 3421 727 3463 non
749 3400 899 3467 deteriore
916 3403 987 3487 jure
1009 3404 1080 3468 erit.
1124 3397 1185 3463 Ne·

82 3517 140 3578 qne
163 3518 204 3561 ex
226 3519 275 3579 eo,
300 3499 377 3584 quod
398 3500 509 3565 arteria
531 3522 607 3585 aqua
628 3501 736 3569 dicitur
752 3515 786 3571 ut
798 3503 939 3569 interium
953 3504 1070 3583 vinum,
1096 3522 1185 3589 argu·

80 3682 290 3698 Μ

146 3786 193 3854 82)
209 3787 261 3841 Pro
272 3791 362 3854 νοαρία
376 3788 475 3841 Judico.
491 3792 563 3845 XVI.
576 3808 604 3845 v.
613 3793 638 3846 7.
653 3794 798 3848 Ηοίιιοτίοι
815 3799 914 3849 eendd.
932 3792 1013 3864 νοοροί
1026 3791 1121 3851 edidit;
1138 3794 1184 3846 sad

80 3871 296 3925 latinumnercic
317 3874 403 3926 obstat
422 3879 591 3931 tentantibus.
627 3882 790 3952 Προθοομία
809 3885 887 3949 vulgo
907 3886 975 3935 inter
995 3880 1097 3941 ellipses
1118 3881 1184 3933 rete·

80 3965 144 4009 runt
156 3959 289 4012 intellecto
303 3963 403 4014 nomine
414 3956 512 4032 ἡμένα,
537 3968 603 4033 qnod
615 3967 733 4035 equidem
750 3971 860 4023 nondum
874 3968 957 4036 sopori
973 3963 1011 4015 itti
1024 3961 1183 4028 fldt'flsstttmt,

81 4057 110 4095 oc
123 4053 211 4113 potest
224 4046 414 4104 substantivum
428 4065 486 4103 esse
500 4058 530 4103 ut
541 4056 689 4122 προνομία.
