2534 4492
226 184 283 247 on
310 176 473 248 nonin.
505 178 552 243 io
573 162 652 246 ni]
674 180 873 247 noanon.
904 186 933 265 y,
956 182 988 247 o.
1096 187 1163 253 tan

52 366 233 438 tinocrunt,
269 362 320 426 sed
348 362 384 422 ab
412 353 496 438 iilo,
526 357 574 420 coi
595 357 765 442 proximum
786 373 832 423 est
857 358 948 444 ἁλός,
978 385 1040 427 non
1065 366 1164 430 solum

58 463 176 542 ὀλέσω,
200 461 365 539 ὀλέεσκον,
386 457 601 545 plincipes),
625 460 678 523 sed
701 461 790 522 ctiam
810 457 979 550 ὀλοθρεέω
1002 478 1033 530 ct
1053 462 1162 545 όλοός,

59 579 91 631 et
113 569 150 630 ab
172 561 242 633 ὅνω-
256 561 417 639 oberosta,
440 559 567 636 ὀνὸσω,
592 555 712 646 ὁνητός
734 561 764 625 id
785 574 833 625 est
851 564 1005 652 μεμπτός
1027 570 1161 659 llesych,

57 672 97 733 ab
119 664 190 755 ‹i'pco
213 665 370 755 ὀμοῦμαι
394 676 425 747 et
451 660 597 748 ὀμεῖται,
619 665 692 747 qood
717 664 851 728 doricum
872 670 1028 751 pcibibent
1046 673 1161 738 Ancctl.

56 770 197 834 Cramer.
224 766 493 842 T.1.451,12.
532 765 643 829 Verum
674 767 710 830 (lc
737 766 793 829 bo'c
822 767 910 832 alias.
955 772 1038 849 Quod
1063 787 1164 841 antem

55 874 163 957 paullo
185 884 256 935 ante
278 869 441 979 nmmcmvi
463 858 632 956 α’μέχετος
653 867 739 950 idque
761 890 828 932 cnm
847 863 1035 959 ,εἷχύνετοω
1054 872 1164 964 claip-

56 998 180 1049 πετος,
204 972 371 1055 composui,
404 971 462 1035 erit
489 972 620 1034 sortasse
648 971 696 1033 cni
716 971 788 1036 illud
812 994 853 1037 ex
873 969 1049 1063 εἷμέχητος
1069 983 1164 1044 conci·

57 1099 131 1142 sum
160 1076 298 1140 videatur
314 1073 494 1158 .pariterquo
520 1067 708 1160 α’γεέμετος,
737 1075 784 1138 coi
813 1075 911 1139 simile
949 1087 997 1139 est
1022 1080 1164 1166 γαμετή.

56 1180 271 1242 Buttmannns'
295 1177 409 1260 quidem
436 1175 569 1239 Gramm.
601 1178 629 1260 ᾗ.
656 1175 711 1240 19.’
731 1176 808 1241 non.
832 1177 864 1241 7.
889 1180 1087 1263 correptionis
1115 1181 1168 1244 bo·

56 1284 110 1367 jos¹
133 1280 271 1364 exempla
296 1280 356 1343 fert
377 1275 552 1364 ὁμιλέτης,
580 1279 783 1366 κυνηγέτης,
816 1276 1016 1370 ἀρχηγέτης,
1044 1304 1167 1367 eamque

58 1384 137 1447 solis
166 1382 304 1447 concedit
331 1381 539 1467 polysyllabis.
592 1381 650 1445 Sed
679 1379 851 1468 ὁμιλέτης,
877 1386 955 1467 quod
983 1408 1044 1450 non
1072 1387 1169 1472 magis

60 1486 185 1551 tolerari
206 1495 304 1570 potest
326 1506 412 1568 quam
440 1482 596 1568 τιμέτης,
625 1484 766 1569 mendose
795 1485 937 1569 scriptum
965 1489 1072 1572 dinque
1099 1491 1169 1553 abo·

61 1588 147 1653 litom
169 1599 217 1652 est
238 1610 269 1652 v.
294 1585 423 1650 Runkel.
454 1586 491 1647 al
514 1584 630 1647 Cratin.
655 1583 705 1647 Fr.
731 1585 836 1650 LVlll.
868 1609 925 1653 nec
946 1591 1043 1656 solum
1064 1615 1169 1679 κυνη-

60 1689 154 1777 γέτης
188 1690 298 1753 tlioitur
325 1690 378 1753 sed
407 1687 498 1750 etiam
534 1687 724 1771 paucioribus
755 1689 877 1774 syllabis
906 1688 1026 1778 ἠγέτης
1055 1695 1165 1779 Synes.

62 1792 99 1857 H.
125 1792 178 1856 lll.
202 1792 277 1858 326.
303 1793 337 1855 Β.
363 1803 394 1855 ot
415 1789 547 1877 ἦγέτις,
579 1798 668 1872 atquc
694 1784 833 1879 ηχέτης,
866 1813 939 1876 qnae
968 1817 1004 1858 ne
1032 1796 1097 1878 quis
1129 1817 1169 1859 es

62 1889 198 1985 ἤγητης,
213 1888 339 1984 ἠχητης
355 1905 420 1958 orta
437 1903 522 1978 potet
535 1904 577 1957 nt
596 1884 817 1979 α’κηδεσενσέ),
836 1895 899 1979 ipsc
916 1909 1058 1960 accontus
1070 1898 1168 1981 probi·

64 2000 115 2063 bet
136 2011 167 2063 et
188 1999 281 2062 molto
303 1998 398 2082 magis
420 2004 494 2060 nisos
515 1996 713 2080 scriptorum
741 2018 812 2061 nam
834 1999 1037 2087 κυνηγέτης,
1066 2023 1169 2086 στρα-

62 2114 225 2191 cypresso,
249 2101 470 2187 ‹lpopacycccte
501 2110 560 2185 etc.
578 2120 649 2165 non
678 2108 834 2184 poctarum
863 2102 984 2187 propria
1017 2114 1089 2167 sont
1115 2103 1169 2167 sed

62 2204 215 2270 communi
237 2203 367 2283 omnium
388 2222 446 2265 oso
468 2201 558 2275 trita,
584 2214 694 2285 ¹osque
725 2204 874 2285 correptio
906 2205 964 2267 ista
994 2204 1168 2291 longissime

63 2305 217 2371 abhorret.
260 2302 363 2388 ltaque
385 2302 438 2364 illa
459 2299 605 2365 nativam.
622 2302 717 2365 fntnri
737 2300 853 2389 pipino
874 2306 1000 2369 sormam
1021 2308 1167 2381 retinent,

64 2429 151 2492 qnam
172 2407 204 2470 in
226 2405 421 2470 snbstantiris
443 2397 600 2491 ἡγεμών,
624 2398 799 2492 εὐηγεσέα,
821 2400 1012 2494 Ἀγεσέλαος
1033 2406 1170 2494 agnoscit

62 2509 296 2592 Eustatbios.p·.
322 2505 404 2580 624,
425 2504 485 2569 49.
516 2504 657 2567 Verbaba
685 2526 802 2588 quoqne
826 2519 897 2571 sont
916 2503 1041 2596 ηχητης
1062 2521 1093 2573 ct
1113 2505 1170 2575 εὖ·

65 2603 172 2700 νητήρ
189 2606 245 2673 sed
265 2601 583 2694 paronymaajpa'cpe,
605 2602 761 2692 εὐνέτης,
789 2628 936 2694 paragoge
958 2611 1171 2699 λαμτρννγέ·

66 2738 125 2793 τις,
140 2709 373 2789 'unicornium
397 2707 581 2794 ἐπωπέτης,
603 2708 834 2796 ἰρισθενέτης,
855 2707 1060 2799 ε’ὐγενέτης,Ι
1073 2710 1169 2801 εὐμε-

67 2809 381 2904 cirumscriptione,
410 2811 627 2899 σννεργέτης,
651 2814 727 2897 quot
748 2812 843 2896 ipsum
874 2836 935 2879 non
957 2816 1087 2901 legitor,
1117 2819 1171 2883 sed

69 2921 134 2985 binc
163 2916 375 3003 Appolloniles
406 2915 500 2978 Aotb.
538 2915 600 2978 Pal.
628 2914 692 2978 Vll.
716 2913 790 2979 693.
822 2918 1000 2999 produxisse
1036 2921 1168 2996 videtur,

69 3022 141 3108 qnotl
164 3020 342 3101 Brupckius·
353 3018 381 3081 ci
404 3018 534 3092 tribuit,·
547 3012 647 3089 ὅσσος
666 3013 746 3091 λαός
764 3010 809 3102 ἦν
823 3011 1046 3106 σννεργηῖτης,
1070 3023 1169 3109 aptius

74 3126 111 3188 atl
130 3124 329 3198 sententiam,
360 3132 449 3206 puto,
479 3126 565 3204 qoam
588 3112 833 3206 σννεργαστης,
866 3124 948 3204 quia¹
963 3124 1170 3209 significantur

10 3264 12 3271 ·
66 3228 197 3313 ejusdem
223 3226 298 3290 artis
321 3224 454 3307 opilices,
474 3223 507 3287 lii
523 3222 635 3307 *altono
652 3217 788 3311 ἐργάται
817 3223 957 3287 dicuntur
985 3247 1046 3290 non
1075 3231 1168 3313 ἔργα·

10 3322 13 3385 ἶ
68 3326 213 3413 occl⁶²).·
256 3327 298 3392 Et
327 3325 443 3390 obhoc
461 3326 559 3410 ipsum
580 3346 670 3410 supra
688 3325 767 3389 Adn.
791 3323 844 3389 48.
871 3327 900 3409 5.
923 3324 956 3391 8.
979 3327 1168 3413 Apollonium

134 3604 177 3670 60)
198 3599 323 3658 Ὀλεθεέε
344 3601 440 3652 editum
462 3602 489 3652 in
508 3601 592 3654 Sobol.
611 3601 641 3653 ss.
661 3600 705 3653 Vl.
726 3603 787 3660 284.
813 3618 858 3669 per
876 3618 903 3654 sc
927 3619 976 3655 non
997 3603 1110 3652 deterius
1129 3605 1169 3648 cst

65 3706 141 3759 qnam
160 3682 287 3757 ω’μόθην,
306 3679 426 3753 η’λᾰθην-
1158 3687 1163 3698 ”

132 3792 177 3859 bl)
200 3791 254 3843 llcc
271 3791 362 3841 nollem
381 3789 554 3855 Spitznonnm¹
567 3807 625 3843 cum
641 3787 767 3860 κηδεστής
791 3799 818 3842 ot
834 3787 956 3862 κηδεμών
976 3787 1114 3839 contulisse
1137 3786 1169 3837 nil

60 3878 92 3931 ll.
112 3876 183 3931 XIV.
204 3875 265 3935 427.
292 3871 426 3943 caporum,
450 3877 473 3926 si
491 3892 555 3939 voro
572 3884 613 3941 est
630 3878 694 3926 baec
711 3878 854 3945 scripturn,
879 3877 979 3945 poetica
996 3877 1036 3920 est
1054 3871 1169 3936 systole3

61 3959 162 4033 κηδίτω
179 3963 295 4028 legitime
313 3976 329 4012 a
345 3951 419 4031 κη’δω
437 3950 571 4015 formatur
582 3971 612 4015 ut
629 3959 720 4028 έζέσω.

10 4131 12 4137 Ι
131 4067 177 4134 ct)
203 4065 243 4117 ct.
269 4064 380 4134 Lenncp.
409 4066 441 4116 ad
463 4063 536 4116 Pbal.
557 4064 590 4118 V.
618 4066 643 4131 b.
670 4066 713 4123 22.
750 4064 876 4129 Persaepe
901 4067 1041 4127 utrumqne
1067 4062 1171 4127 perinde

95 4164 208 4219 Lobccle.
228 4165 350 4234 Porolip.
921 4142 967 4211 ’28
