2534 4492
117 154 339 230 eunoun.
358 116 513 241 unser.
531 160 582 227 nr
598 160 726 239 suasu
741 163 833 232 orn.
848 163 981 231 auaro.
1007 166 1035 249 a.
1051 165 1084 232 o.
1108 166 1178 235 aaa

83 352 201 408 veteres
230 342 444 430 adjectivorum
480 341 547 406 loco
573 342 688 407 ducunt
714 343 863 429 ipsumque
891 356 1008 430 tempus
1040 346 1180 412 diorum

81 444 254 510 Eustatbius
283 466 313 531 p.
341 444 419 524 979,
449 445 504 511 22.
533 444 651 529 proprie
665 439 812 529 srp‘pae'pav
837 436 1044 518 κατέσπασεν
1071 451 1180 513 dictam

82 567 151 611 osse
175 558 289 623 censet,
313 548 399 631 eique
421 549 540 612 confert
565 569 595 630 p.
614 544 692 618 427.
715 542 770 610 24.
801 551 894 614 noetis
923 573 1032 615 nomeu
1059 549 1177 627 δειδία,

83 651 159 732 qnod
183 650 290 714 Suidas
311 661 343 714 et
364 650 464 735 Etym.
490 649 532 715 M.
554 648 791 732 interpretantur
811 644 972 733 ἠονοτία.
1017 654 1056 717 Et
1072 655 1108 717 ad
1124 675 1179 717 ex·

80 751 245 835 plicaudam
268 751 399 834 ellipsin,
423 750 450 814 si
467 761 532 835 'quo
553 751 755 836 supplemento
786 773 859 835 opus
889 763 952 828 est,
980 777 1039 820 non
1067 756 1181 819 indtior

80 854 266 937 aptissimum
289 874 358 919 esse
379 853 452 916 illud
477 853 601 936 usuique
623 853 962 928 convenientissimum,
993 877 1060 920 nam
1080 851 1181 925 κατιί·

81 978 200 1028 σπαοιε
224 953 342 1042 βορεία
357 968 388 1019 et
408 957 505 1024 νοπία
526 956 797 1042 legiturflippoor.
821 955 936 1039 Apbor.
955 953 1005 1018 ΙΙΙ.
1029 957 1080 1033 14,
1103 960 1175 1025 723.

80 1057 116 1120 Τ.
144 1057 196 1120 111.
220 1058 303 1120 Paul.
329 1058 404 1142 Aeg.
427 1058 452 1121 1.
476 1057 529 1122 53.
553 1081 584 1144 p.
610 1057 661 1122 14.
696 1059 790 1143 Magis
813 1069 913 1122 tamenn
940 1057 1079 1121 credibile
1099 1061 1179 1125 vide·

79 1170 147 1235 tur,
179 1181 288 1224 nonen
317 1155 385 1246 ιίρα
414 1170 466 1223 aut
493 1163 589 1244 ipsum
620 1162 783 1245 antiquitus
818 1162 983 1246 appositum
1013 1171 1067 1224 aut
1087 1161 1181 1243 potius

81 1248 240 1327 notionem=
262 1264 326 1347 ejus
352 1262 452 1326 animo
481 1260 605 1326 infixam
631 1263 664 1326 in
692 1284 781 1327 eausa
802 1265 907 1345 fuisse,
939 1285 994 1328 cur
1015 1284 1184 1349 synonyma

81 1364 114 1427 ad
135 1363 213 1428 idem
236 1364 439 1452 dirigerentur
458 1385 555 1448 genus
576 1364 763 1430 femininum.
808 1367 851 1429 Ac
873 1368 909 1430 de
930 1364 1042 1454 η’μέρα
1064 1385 1183 1453 quoque

83 1486 156 1550 quae
182 1465 234 1529 ille
264 1467 352 1543 dicit,
383 1467 600 1530 confirmantur
627 1467 837 1550 quodammodo
864 1470 1012 1554 Euripidis
1042 1469 1182 1552 exemplo

83 1566 144 1632 Ion.
169 1566 223 1632 87.
248 1567 298 1652 qni
329 1568 426 1631 lucem
451 1568 509 1632 diei
530 1567 594 1653 την
614 1581 760 1655 πραεῖαν
785 1566 895 1658 οίψῑδα
913 1571 1044 1648 vocavit,
1070 1572 1120 1635 ubi
1145 1571 1183 1635 ti-

82 1670 126 1735 bri
145 1667 280 1758 ἠμέραν
301 1682 332 1735 et
351 1666 498 1757 ηίμερίαν
524 1670 685 1747 exbibent;
715 1692 812 1755 neque
833 1674 1011 1743 adversatur
1038 1674 1182 1737 feminina

83 1773 200 1858 positio,
229 1793 284 1857 qua
308 1774 488 1859 adjectivum
516 1769 641 1860 ἥμερος
665 1773 757 1858 vulgo
785 1774 941 1857 caret⁷⁴);
970 1795 1097 1860 namque
1125 1775 1181 1838 hoc

82 1876 197 1960 saepius
218 1897 275 1939 usu
296 1875 382 1940 venit
402 1876 555 1961 adjectivis
586 1875 842 1940 substantivorum
872 1876 1046 1960 dignitatem
1077 1896 1182 1938 conse·

82 1977 363 2063 opuntis·eodemque
384 2000 497 2064 genere
526 1989 573 2044 est
597 1976 731 2068 Ἡμέρα
759 1978 872 2042 Dianae
902 1978 1074 2062 epitheton,
1105 1997 1181 2060 quae

81 2079 149 2143 abbi
170 2076 359 2168 Ἠμερηοία
380 2081 499 2145 dicitnr.
544 2082 620 2146 Huic
649 2094 748 2147 autem
776 2081 881 2166 generi
909 2080 993 2145 nibil,
1011 2081 1180 2164 adjunctius

80 2193 137 2259 est,
161 2204 246 2266 quam
269 2183 412 2247 vocabula
445 2195 574 2249 aetatum
604 2186 817 2266 humanarum,
854 2181 978 2270 νηπίη,
1017 2179 1178 2268 νηποιίη,

78 2280 192 2369 νεοίη,
222 2283 379 2360 παιδεία,
409 2280 551 2371 ἠνορέη,
584 2282 740 2370 οίνδρεία,
769 2297 911 2365 senecta,
941 2286 1045 2368 quibus
1066 2284 1181 2367 antiqui

80 2384 272 2451 Grammatici
284 2408 392 2451 nomen
413 2382 524 2472 ήλιιιίοι
538 2389 709 2473 subjiciunt.
735 2388 901 2473 Hesychius
917 2386 1056 2473 Νηπιέη
1071 2382 1094 2471 η’
1111 2386 1180 2453 τῶν

72 2487 214 2575 ,νηπίων
236 2484 360 2571 η’λιιιία.
395 2489 501 2552 Suidas
523 2485 681 2573 Νήπειον
711 2483 888 2574 φρόνημα,
918 2488 1025 2573 νηπία
1045 2490 1081 2554 δὲ
1106 2486 1180 2574 ηλι-

76 2587 148 2656 νία.
179 2587 355 2651 Eustatbius
376 2609 406 2671 p.
431 2587 526 2664 1319,
551 2588 603 2652 18.
627 2589 748 2674 νηπιίη
769 2586 859 2674 φρήν
880 2586 904 2674 ἢ
922 2587 1044 2674 ἡλικία.
1078 2590 1175 2657 schot.

77 2691 155 2757 Ven.
180 2687 296 2752 ΧΧΗΙ.
321 2687 394 2753 694.
418 2688 513 2775 νεοίη
533 2687 576 2764 είς
600 2687 713 2776 ὁμοίη·
736 2694 769 2756 οἱ
787 2687 871 2776 μεθ’
886 2687 1038 2778 ’Όμηρον
1059 2688 1102 2768 είς
1123 2694 1179 2762 ἐπὶ

78 2795 240 2861 πλεῖστον
257 2789 390 2877 νεοείην
413 2792 558 2879 λέγουσι.
601 2792 724 2856 Pbotius
746 2792 918 2862 Παιδείαν
934 2795 998 2881 τήν
1017 2794 1178 2882 παιδικήν

79 2893 231 2982 η’λικίαν,
265 2895 343 2958 sicut
363 2894 470 2980 Lysias
492 2896 568 2959 dixit
598 2917 627 2979 p.
651 2895 771 2981 Polycr.
795 2895 870 2973 674,
895 2897 926 2960 1.
952 2897 1040 2978 (159,
1063 2899 1113 2983 2.)
1141 2904 1177 2966 ἐν

80 2997 236 3072 παιδείας
255 2995 352 3083 φίλος
374 2997 404 3060 id
429 3009 477 3062 est
496 3003 532 3063 έν
551 2996 706 3065 παιδείου
730 2993 863 3087 οἷνιινῆς
878 3000 910 3064 in
926 2999 1055 3065 Phaniae
1069 3003 1174 3087 Epigr.

77 3101 116 3165 ll.
146 3102 306 3184 eodemque
337 3101 423 3163 modo
457 3099 634 3165 Sobaeferus
668 3101 769 3165 Melet.
809 3123 839 3186 p.
872 3100 925 3166 70.
961 3103 1176 3187 interpretatur

78 3203 182 3288 Epigr.
212 3204 320 3286 Adesp.
344 3202 552 3268 DCCXXXH.
583 3202 627 3290 τῷ
660 3202 763 3271 πέλον
796 3200 947 3289 οἷσπασίη
973 3204 1075 3291 βαίης
1103 3200 1173 3274 circo
1224 3194 1226 3199 ί

76 3305 146 3370 soil.
168 3302 308 3390 ἦλικίας,
331 3307 383 3370 sed
411 3305 467 3370 hoo
488 3305 578 3369 aliter
606 3303 699 3387 accipi
720 3316 819 3390 potest
838 3327 891 3389 pro
913 3301 1118 3376 ἐιιπαιδόδεν
1142 3320 1176 3373 ut

75 3405 234 3498 η’ναπᾶτο
253 3412 285 3486 ἐξ
307 3412 358 3475 ἔτι
379 3408 528 3497 βρέφους
548 3405 673 3490 Niceph.
699 3405 753 3469 Gr.
778 3406 828 3472 Vt.
854 3405 886 3470 6.
912 3406 983 3473 114.
1008 3409 1042 3473 Β.
1069 3413 1101 3486 ἐξ
1125 3412 1175 3474 ἔτι

76 3507 198 3587 παιδός
219 3512 321 3596 Epigr.
344 3513 454 3597 Adesp.
479 3506 583 3575 DCCI.
609 3529 630 3572 ο
645 3528 745 3592 puero
766 3530 798 3573 v.
822 3509 936 3597 Pbryn.
960 3534 990 3596 p.
1013 3510 1068 3576 48.
1092 3537 1175 3579 παι-

76 3609 215 3683 dodonae
233 3611 314 3688 τοδε
331 3612 456 3688 παῖδας
477 3607 548 3680 οίπδ
565 3610 766 3685 πενταέτεος
793 3605 975 3700 οίρξιίμενοι
996 3614 1125 3678 Herodo.
1145 3611 1170 3674 1.

76 3714 153 3782 136.
177 3719 229 3783 ubi
255 3739 294 3783 ne
314 3712 445 3803 ἡλικίας
469 3714 670 3802 intelligamus
700 3715 798 3780 obstet
823 3718 900 3802 quod
927 3719 1062 3802 sequitur
1090 3712 1174 3803 πρίν

100 4020 103 4024 ’
142 4043 190 4112 rt)
206 4040 354 4099 Femininae
372 4040 470 4100 formae
483 4040 597 4113 onuph
609 4039 660 4098 alio
671 4038 726 4097 loco
738 4039 850 4098 afferam.

902 4121 964 4192 Ἃ.
