2534 4492
125 193 352 264 ductantes
371 193 680 263 suburanenses
700 197 754 263 Ab
775 196 883 266 sortt.
904 196 1070 266 stacta.
1092 199 1164 268 tto
1210 134 1217 145 ·

107 376 175 462 quid
207 375 286 442 aliud
314 377 506 462 comprobare
536 374 689 452 voluerit,
720 374 751 439 id
780 387 877 442 autem
902 390 923 443 a
948 377 1099 456 librariis,
1130 390 1165 441 ut

109 479 223 544 centies
244 480 277 543 iu
299 479 580 566 glossograpborum
601 475 698 554 libris,
720 480 962 563 praetermissum
984 481 1034 547 sit.
1083 480 1164 545 Haeo

108 580 135 645 si
157 591 272 665 nequeo
295 583 500 646 demonstrare
521 577 760 668 γεωμετρικοῖς,
791 592 872 645 eertu
894 603 954 645 nou
975 585 1075 648 miuus
1094 602 1165 668 pro·

106 681 216 746 babilia
237 693 308 746 suut
331 704 418 767 quam
441 704 516 771 quae
538 683 588 747 vir
608 683 711 746 doetus
733 680 835 758 sumit,
851 682 986 747 Pbotium
1008 685 1163 770 scripsisse

107 782 231 870 Πρίων
251 781 290 850 sd
311 779 478 872 ἄρμενον·
506 776 614 872 πριῦν
639 784 675 851 δὲ
703 774 866 863 ὀξυτόνως
888 779 906 849 ὁ
927 784 1072 869 τέμνων,
1094 787 1163 850 Ari-

107 887 284 972 stophanem
305 909 378 954 vero
400 886 553 975 πρίωνοι,
584 909 678 972 eoque
707 888 823 952 fabrum
851 886 1036 972 significasse
1065 889 1163 972 tigna·

107 990 206 1055 riumz
237 987 347 1077 πρίων
378 991 456 1078 (sive
477 992 576 1077 potius
598 986 720 1076 πριών)
742 989 886 1054 ὐοᾱοαοοο
902 992 934 1053 in
955 988 1061 1052 beiden
1083 989 1164 1054 Stel·

107 1093 158 1158 len
178 1093 294 1157 oswold
304 1092 513 1158 beidiratiaus
535 1095 583 1157 ola
604 1092 891 1179 beiArebtopbooes
912 1095 1001 1156 α’κοκ
1017 1091 1163 1155 Zimmer-

108 1217 214 1272 καακκ,
237 1196 313 1280 quod
335 1197 438 1261 neseio
462 1197 607 1281 quomodo
627 1197 663 1260 ab
687 1219 722 1261 eo
745 1197 803 1261 diei
824 1197 956 1282 potuerit
972 1195 1021 1280 qui
1038 1194 1164 1257 Diodor-

107 1298 179 1362 iium
200 1297 409 1383 Aristophanis
430 1301 524 1363 verba
553 1299 634 1364 felici
657 1301 830 1384 conjectura
851 1299 1022 1364 restituisse
1046 1296 1164 1359 dixerat

87 1398 240 1488 πρίωνα
275 1399 294 1467 ὁ
328 1405 396 1489 μὲν
432 1401 518 1466 ἕλκει
546 1402 615 1468 κτλ.
674 1402 902 1466 Distinetionem
938 1401 1021 1466 illam
1056 1419 1165 1463 aceen-

106 1514 170 1581 tus,
200 1525 287 1587 quam
309 1504 432 1568 Pbotius
459 1503 609 1587 proponit,
639 1503 804 1587 improbavi
830 1504 971 1588 subjeotis
1003 1501 1162 1584 exemplis,

107 1607 213 1690 quibus
244 1627 354 1671 nomeu
381 1606 454 1670 illud
483 1617 758 1691 proparoxytouum
786 1605 879 1670 fuisse
908 1617 1029 1690 apparet
1059 1615 1091 1667 et
1110 1623 1164 1687 per

104 1695 349 1788 {declinatum
382 1710 490 1774 addere
518 1708 758 1793 poteramPlut.
789 1709 823 1771 de
852 1709 905 1772 Es.
938 1708 1030 1771 (iarn.
1061 1706 1100 1770 ll.
1134 1703 1163 1769 1.
1210 1760 1225 1813 l

106 1811 182 1878 244.
207 1810 483 1896 Philostr.1magg.
507 1810 533 1875 l.
558 1809 611 1888 16,
635 1808 709 1874 788.
733 1809 858 1894 Philipp.
882 1809 984 1894 Epigr.
1001 1807 1071 1871 XV.
1098 1805 1164 1870 Ori·

105 1914 170 1978 bas.
200 1913 237 1976 L.
260 1913 369 1977 XLIbi.
399 1937 428 2000 p.
453 1912 507 1980 48.
537 1915 584 1979 ed.
612 1914 747 1978 Bussem.
777 1925 944 2000 sprevisse
970 1912 1056 1975 Aret.
1088 1908 1184 2005 Curp'

104 2015 188 2080 Diut.
212 2015 249 2081 11.
271 2016 304 2096 4,
326 2015 401 2081 333.
425 2015 632 2103 πριονοειδές
647 2016 753 2083 Galen.
771 2015 807 2080 de
820 2016 887 2079 Oss.
904 2016 941 2078 ad
955 2015 1016 2078 Tir.
1039 2035 1069 2097 p.
1088 2009 1166 2101 7321.

105 2118 143 2179 T.
168 2117 205 2180 11.
228 2119 356 2198 aliaque.
404 2120 572 2182 Concedam
593 2120 659 2184 fieri
681 2141 768 2203 posse
791 2129 824 2182 ut
845 2120 881 2183 de
904 2118 1011 2182 Pbotio'
1033 2114 1166 2200 aliquia

106 2238 155 2280 me
188 2215 385 2290 dissentiant,
417 2236 539 2298 remque
571 2238 632 2278 non
659 2239 781 2298 prorsus
805 2220 990 2299 exploratam
1011 2240 1079 2281 esse
1098 2217 1164 2300 ipse

107 2316 274 2403 significavi
295 2317 395 2381 verbis
418 2315 479 2379 illis
497 2315 533 2378 id
553 2336 612 2400 ego
635 2317 681 2377 sie
707 2317 908 2398 interpretor,
932 2319 984 2379 sed
1006 2330 1040 2379 ut
1061 2322 1163 2399 aperte

106 2442 155 2485 me
185 2440 304 2483 errasse
335 2416 488 2502 (offendor
514 2416 787 2497 misouerstaudeo)
817 2416 980 2492 confitear,
1014 2418 1163 2500 haudqua-

107 2545 194 2610 quam
224 2542 272 2585 me
293 2531 449 2605 permovet
470 2519 547 2583 dooti
572 2517 707 2583 oensoris
730 2519 911 2603 disputatio,
944 2521 1028 2603 eujus
1055 2536 1162 2580 nornen

104 2627 224 2712 ignoro,
248 2623 487 2688 benevolentiam
509 2632 612 2708 gratus
634 2642 776 2706 agnosco.

64 2728 97 2793 P.
123 2726 195 2791 167.
220 2727 297 2790 Adu.
322 2725 354 2789 7.
379 2718 552 2814 Πλοῖμγων
575 2724 660 2788 Pbot.
687 2724 880 2787 CCLXXIX.
905 2722 980 2788 870.
1075 2717 1088 2791 ’ἶ

64 2831 98 2894 Ρ.
124 2828 197 2894 170.
222 2829 277 2892 liu.
302 2826 352 2893 19.
373 2828 715 2913 Theognostusdueed.
740 2826 779 2892 tl.
803 2826 928 2904 33,11.
952 2815 1160 2915 ῬίζωνῗΡί-

108 2937 224 3014 ζωνος,
252 2924 359 3011 ’Όζων
375 2925 521 3010 Ὀζωνος
550 2923 662 3015 ὄνομα
691 2930 865 3015 ποταμοῦ,
891 2923 999 3009 ’Ἁζων
1016 2922 1161 3010 ”Adrasos

107 3029 222 3121 ὄνομα
249 3024 390 3119 κῦριον,
407 3033 497 3097 scrib.
516 3026 623 3112 ’Ἁζων
654 3043 684 3096 et
704 3027 807 3112 Ἀζών
835 3043 869 3095 ut
895 3032 1018 3096 Nioetas
1047 3030 1156 3095 Aneed.

82 3139 204 3202 'Boius
228 3137 263 3202 T.
281 3136 333 3201 111.
354 3135 427 3203 328.
447 3131 595 3216 ’Ἁζωνος
616 3136 777 3223 ποταμοῦ
800 3129 1011 3215 καὶἈζῦνος
1032 3132 1158 3220 sepios.

111 3241 184 3310 Τοῦ
213 3236 408 3319 Ῥιζοῦντος
438 3240 556 3326 Scylae.
588 3261 617 3326 p.
640 3239 714 3304 251.
739 3241 775 3302 Τ.
801 3239 823 3302 1.
859 3238 1098 3323 Comparativum
1127 3240 1163 3301 ot

106 3339 257 3424 όλίζωνες
279 3343 398 3407 invexit
417 3342 576 3407 Nicander'
589 3343 644 3404 Th.
671 3341 743 3408 123.
770 3342 918 3405 Proximis
943 3343 1015 3405 adde
1029 3339 1163 3406 Δέλκων

106 3458 138 3510 et
164 3443 294 3530 Δρίλων
323 3445 482 3511 fluviorum
516 3444 636 3507 uomina
665 3466 718 3528 per
741 3431 777 3509 ὀἷ
805 3442 970 3520 declinata,
1006 3439 1162 3527 Ῥίμμων

106 3571 232 3621 -ονος
250 3546 310 3610 viri
325 3547 423 3611 Sebol.
449 3547 483 3610 lt.
499 3548 573 3610 XX.
592 3545 666 3610 485.
692 3550 868 3633 Με’ρμνων
885 3570 1019 3619 -ωνος
1032 3546 1159 3608 Theoer.

106 3645 239 3738 Νῦρων
256 3650 516 3736 -otvoeSeylae
533 3651 644 3737 ρ.249.
658 3651 710 3714 sed
719 3644 881 3734 Νῦρονος
897 3662 982 3734 poeta
996 3671 1041 3730 ap.
1057 3649 1158 3731 Etym.

104 3753 147 3817 M.
179 3776 207 3817 s.
233 3752 410 3838 Βοωθοίη,
441 3753 557 3837 aliaque
580 3774 655 3837 quae
683 3754 770 3817 dueta
793 3754 976 3837 Theognosti
1003 3748 1161 3830 disputatio

105 3855 270 3940 suppeditat
291 3856 312 3919 l.
339 3877 367 3918 e.
391 3876 420 3939 p.
445 3853 584 3921 27-36.

58 3956 96 4024 Ρ.
123 3957 196 4021 171.
220 3957 274 4021 liu.
302 3956 353 4021 15.
377 3968 445 4044 post
467 3979 569 4022 ονοκοε
590 3957 658 4024 add.
681 3969 802 4046 praeter
818 3960 879 4021 duo
900 3953 1094 4018 Laobmauni.

59 4060 94 4126 P.
118 4059 192 4125 177.
223 4059 279 4124 lin.
308 4059 363 4128 25.
403 4058 477 4134 πᾶν
504 4061 600 4154 ῥῆμα
627 4064 675 4138 εἰς
709 4047 786 4131 π-τοῖ
823 4061 927 4148 λῆγον
961 4053 1159 4146 βαρύνεται,
