2534 4492
88 165 160 235 aaa
450 158 769 227 olssnsramo
797 150 836 227 v.
950 220 954 225 .
991 138 1027 229 -“·,
1129 174 1146 227 ,ε

89 352 185 440 igitur
203 364 293 410 eausa
313 352 361 407 est
384 360 440 404 eur
458 334 669 427 οἷιριδοθῆρα
689 337 849 405 Theocrito
871 342 966 407 exiini
982 344 1100 423 nolint,-
1128 344 1194 413 etsi·

90 452 168 520 abed
194 447 282 529 bnjus
309 443 536 527 significationis
565 439 732 523 exemplum
759 441 867 506 afferre
895 448 1040 528 nequeam
1068 460 1188 532 praeter

88 561 225 619 neutrum
245 537 442 633 σιιόθηρον.
479 549 510 611 Si
528 564 600 608 vero
618 542 691 608 baec
709 545 779 621 duo,
802 566 878 632 quae
899 548 985 611 modo
1006 551 1186 633 perstrinxi,

87 650 233 736 adjectiva
254 659 339 723 sunt,
363 650 390 715 si
411 645 556 733 κανάγχη
577 665 693 729 quoque
714 648 810 711 morbi
829 669 949 725 noman,
972 653 1050 738 quoti
1072 663 1104 717 et
1127 648 1190 719 sti·

86 775 208 841 νογχος
230 751 352 831 dieitur,
379 755 446 838 quid
467 749 517 813 illa
538 748 680 811 vitientur
700 772 776 834 quae
797 770 816 815 a
836 752 1002 817 nominibus
1022 756 1190 839 eomposita
1218 802 1226 819 a

86 858 180 919 sunt‘t
212 854 310 920 Vinea
332 877 391 919 non
411 852 505 921 solum
527 842 708 919 οἰνόπεδαν
729 853 838 921 dieitur
858 864 892 919 ut
913 845 1101 932 οἰκόπεδον,
1123 850 1191 943 γή-

82 956 208 1036 matos,
234 953 456 1027 λακιόπεδον,
482 944 677 1041 ὄρχίπεδον,
710 955 762 1018 sed
787 956 877 1020 etiam
901 956 1079 1043 οἰνοπὲδη,
1110 960 1190 1041 quoti

84 1061 265 1147 adjectivum
288 1078 353 1123 esse
375 1055 431 1118 boo
452 1054 569 1149 lapillus
593 1055 777 1145 adducimur,
800 1059 878 1140 quot
897 1059 1045 1142 Oppianus
1067 1060 1189 1151 scripsit

86 1164 168 1251 Cyn.
192 1166 243 1229 lV.
266 1159 339 1224 331.
369 1156 565 1247 οἰνοπέδῃοι
586 1155 855 1247 φαοηκογιίγοιν,
885 1160 1107 1225 asebneidero
1131 1163 1189 1229 im·

84 1280 229 1333 mutatum
254 1261 306 1324 sed
327 1259 450 1343 injuria.
496 1260 528 1323 Si
548 1261 767 1325 substantivum
792 1281 859 1325 esse
881 1262 1047 1339 eredimus,
1077 1265 1188 1331 mirum

85 1382 133 1435 est
153 1388 208 1432 our
228 1361 423 1446 compositum
448 1362 525 1427 alius
546 1363 586 1427 sit
608 1362 727 1447 generis
755 1372 787 1427 et
811 1363 1031 1439 terminationis
1058 1387 1095 1431 ao
1115 1368 1189 1431 sim·

84 1471 173 1555 plen,
205 1486 302 1549 neque
324 1465 380 1530 boo
402 1466 498 1531 solum
523 1467 555 1530 in
577 1464 738 1551 οἰνοπέδνγ
760 1465 881 1533 eveniat
906 1468 968 1531 sed·
984 1467 1025 1531 in.
1037 1468 1198 1561 pluribus,.

81 1559 262 1658 κιναχύρα,
284 1558 498 1655 λιμόψωρος,
524 1564 688 1656 βὸααλος,
711 1567 900 1654 pimenius,
929 1571 1005 1652 quod
1027 1580 1063 1632 et·
1079 1582 1195 1643 neutro,

83 1691 195 1756 genere
219 1671 328 1735 dieitur
349 1667 388 1739 vo*
408 1671 582 1758 μέοαολον
603 1681 637 1735 nt
656 1663 826 1763 γοιδλοφος
847 1682 882 1735 et
900 1663 1085 1758 γεώλοφον.
1130 1660 1197 1738 Sat

82 1795 158 1858 quae
186 1775 362 1860 simplicium
390 1775 644 1839 substantivorum
673 1773 799 1835 formam
827 1772 960 1835 retinent
987 1774 1188 1855 immutatam,

81 1872 274 1966 δδρομύλη,
299 1874 507 1951 ναλλιελαία,
529 1866 739 1961 padnensis,
762 1869 978 1952 όξυοῖκανθα,
1001 1875 1191 1945 haudm-

82 1987 147 2056 δα,
170 1972 386 2065 ἐρπιλιιανθα,
410 1972 618 2063 ὁλόοχοινος,
641 1970 848 2062 ὀξύσχοινος,
871 1974 1004 2060 τρίοδος
1025 1991 1085 2043 ete.
1108 1982 1192 2065 pari·

81 2083 138 2145 bus
159 2079 297 2161 utrinque
316 2078 428 2140 distant
446 2075 626 2139 intervallis.
642 2075 734 2139 -Nam
757 2087 791 2141 ut
811 2071 999 2165 ἀγριέλαιος
1021 2102 1082 2145 non
1100 2086 1192 2147 modo

82 2178 267 2247 substantive
299 2176 449 2260 signifieat
479 2177 641 2240 oleastrum
676 2177 729 2242 sed
762 2179 861 2249 etiam
884 2182 1032 2266 adjective
1064 2184 1190 2262 dieitur,

81 2272 229 2368 σκυτάλη
251 2274 450 2368 ἀγριέλαιος,
473 2278 550 2343 idem
573 2279 605 2342 in
626 2280 816 2349 ναλλιελαία
838 2284 979 2365 quadran
1008 2270 1199 2368 διαμελαία

80 2406 154 2452 vero
177 2395 208 2449 et
224 2380 391 2473 χαμελαία
413 2382 489 2447 baud
511 2382 598 2446 dubio
616 2383 802 2447 substantivo
824 2396 895 2449 sunt
912 2386 1083 2468 composita.
1119 2386 1190 2453 Neo

81 2488 238 2573 quidquam
259 2488 374 2563 obstat,
403 2485 560 2570 quominus
582 2486 756 2550 lemininnm
777 2486 917 2572 adjectivi
938 2484 1190 2565 πολαάκανδος

80 2590 216 2655 absolute
238 2601 367 2674 ponatur
388 2589 569 2655 substantivi
590 2588 687 2653 instar
707 2600 827 2653 retenta
847 2589 943 2663 forma
964 2589 1125 2673 simplieis3
1152 2603 1190 2659 et

80 2692 118 2756 ad
146 2691 222 2753 hane
243 2690 400 2753 formulam
427 2691 554 2771 reliqua.
599 2689 633 2751 ln
655 2691 775 2752 oraeulo
798 2690 887 2752 Paus.
911 2689 989 2753 Vlll.
1015 2689 1054 2767 9,
1076 2693 1111 2758 2.
1142 2694 1188 2763 οὗ

80 2790 213 2878 τρίοδος
234 2790 290 2858 καλ
311 2785 489 2875 τετράοδος
511 2786 875 2866 animumanimum,
903 2792 971 2874 quis
992 2815 1054 2857 non
1076 2817 1186 2863 oonoa-

81 2897 132 2960 dat
148 2896 207 2959 tria
223 2894 370 2979 adjectiva
389 2893 548 2975 eonjuoota
565 2891 660 2955 videri
678 2891 933 2957 substantivorum
952 2894 1088 2961 vicaria?
1115 2899 1187 2963 llis·

83 3018 140 3083 que
162 2997 311 3071 omnibus,
334 2993 362 3058 si
380 2992 544 3057 masculina
565 3003 648 3069 sunt,
672 2994 777 3079 subjici
797 3006 896 3078 potest
915 3017 1025 3061 nomen
1042 2999 1186 3083 generale

79 3095 202 3175 τόπος,
231 3098 258 3161 si
279 3096 434 3172 feminina,
458 3095 531 3159 illud
552 3095 665 3180 ipsum,
694 3097 726 3159 in
749 3098 825 3179 quod
847 3096 999 3175 desinunt,
1022 3093 1114 3180 ὁδός,
1141 3103 1187 3168 si·

80 3212 132 3266 ont
152 3196 176 3286 ιγ’
196 3190 420 3287 δοιοῖπληγος,
441 3193 465 3284 ἦ
485 3193 696 3286 ἓτεὸκριθος,
721 3195 745 3284 ἤ
752 3200 993 3287 1πανσέληνος,
1018 3201 1043 3289 ἦ
1063 3203 1188 3290 τετρά-

82 3304 214 3392 poploe.
246 3301 290 3366 Ao
309 3323 347 3365 ne
366 3322 438 3386 opus
457 3301 573 3385 quidem
596 3313 643 3366 est
660 3301 876 3386 supplemento,
900 3304 925 3367 si
944 3326 1184 3385 sumamus-eos,

80 3408 131 3492 qui
152 3406 239 3492 primi
264 3406 353 3469 rebus
374 3403 519 3469 voeabula
542 3404 730 3488 imposuere,
762 3426 975 3489 nonnunquam
999 3409 1187 3475 substantias

78 3509 241 3595 appellasse
264 3507 408 3591 adjective
430 3507 576 3591 aspasio,
601 3527 687 3591 quam
708 3526 780 3590 prae
799 3527 832 3570 se
854 3509 981 3590 ferrent,
1005 3509 1184 3575 eminentis-

79 3612 159 3681 sima·
179 3621 211 3675 et
235 3611 272 3673 ad
293 3610 587 3672 animadvertendum
615 3608 745 3683 maxime
759 3609 901 3694 insigni,
933 3623 1020 3694 atque
1046 3614 1182 3697 exempli

79 3735 168 3780 eausa
194 3713 303 3777 odiam
330 3710 441 3775 montis
468 3721 586 3825 partenp
609 3707 673 3796 τήν
694 3704 803 3797 alapas
828 3713 990 3799 appellasse
1018 3733 1079 3777 non
1102 3717 1182 3800 quod

76 3865 285 3883 m

77 3958 163 4003 antam
180 3950 197 4007 ὅ
214 3947 363 4023 οἰνοδὴραι
379 3958 504 4014 voeatur,
530 3959 625 4005 natm-a
641 3952 753 4018 ignotior
770 3963 812 4008 est
828 3968 904 4024 quarn
924 3960 954 4005 ut
972 3969 1053 4020 genus
1076 3958 1183 4023 agnosci

74 4036 165 4104 possit.
