2534 4492
105 148 159 214 nn
180 145 316 214 nonen.
339 143 495 211 nornen.
519 142 571 243 nr
592 142 718 213 snam.
737 143 836 212 eeu.
858 142 992 211 mnne.
1016 146 1044 232 ς.
1060 145 1093 214 1.
1115 147 1183 217 um
1238 118 1241 125 ’

79 348 184 394 suesse
205 319 391 413 πρόμυιος,
413 321 551 404 odonna,
575 315 751 410 φασιανός,
772 323 881 415 lister,
897 323 1043 413 rudine'),
1060 325 1183 406 θυσία,

51 468 54 472 ·
76 428 215 517 dupio,
237 427 395 516 uqootlo,
416 425 602 513 οιυιοπική,
628 427 845 516 περγυμηυή,
866 426 1111 518 βυκτριουήῦ,
1134 451 1184 495 aa·

76 535 155 610 mea,
177 553 309 608 oannes,
331 533 438 606 sanda,
461 530 617 607 abellam,
652 529 788 594 afrioanu
816 543 874 597 ete.
905 555 1031 619 quorum
1057 533 1185 618 primunr

80 635 213 701 omnium
233 635 364 701 maxime
386 633 503 699 linitum
525 643 584 709 est,
607 633 675 716 quis
692 653 711 695 a
732 631 858 699 Pramno
879 635 954 701 nihil
974 636 1186 701 denominatur

76 750 200 824 praeter
219 737 337 818 vinnm,
361 747 464 800 eetera
486 735 665 820 cogitatione
692 735 725 799 in
746 736 821 801 duas
842 746 875 800 et
893 738 992 821 plnres
1021 760 1072 803 res
1105 736 1185 802 trahi

76 851 217 926 possunt,
241 859 408 923 quanquam
430 858 502 901 usus
531 859 622 905 uuum
649 837 747 902 altero
778 837 936 924 angustius
962 839 1182 905 determinavit.

76 942 174 1006 Velut
194 939 305 1009 θυσία
327 937 472 1031 peperit·
499 939 576 1004 haud
598 940 737 1024 ignobilis
759 941 828 1016 fuit,
852 940 906 1004 sed
928 941 1054 1006 nobilior
1073 928 1185 1013 duola

76 1040 185 1130 ἆλμκρ,
208 1065 299 1126 qnare
321 1045 376 1108 hoe
398 1064 507 1109 nomen
527 1042 645 1107 facilius
668 1043 765 1107 omitti
786 1042 884 1127 potnit
899 1046 993 1126 ’φιοοι
1015 1041 1107 1124 illnd3
1132 1046 1184 1110 Ss-

76 1167 145 1209 mus
167 1156 267 1210 antem
301 1166 358 1229 qua
385 1167 420 1209 re
442 1146 573 1209 maxime
595 1145 744 1213 illustrata
774 1146 830 1225 sit,
860 1144 1006 1220 navibus,
1037 1164 1112 1228 quaa
1133 1147 1185 1210 Sa·

77 1270 205 1314 maenae
229 1249 387 1326 dicuutur,
417 1270 456 1316 au
478 1249 641 1333 plaeentis,
672 1269 749 1336 quae
778 1248 915 1323 Samiae,
943 1266 983 1310 au
1015 1245 1127 1312 vitibus
1147 1267 1185 1312 au

79 1362 180 1416 cretae
202 1351 358 1434 fodinis4),
382 1355 611 1417 controversum
634 1362 682 1415 est
710 1362 742 1415 et
763 1372 804 1414 ex
825 1349 959 1434 pluribus
980 1350 1090 1426 rebus,
1115 1369 1187 1433 quas

78 1475 188 1519 nomen
209 1451 357 1539 eodpeelu
380 1453 445 1518 sive
474 1451 643 1538 audulfi)
665 1451 906 1535 comprehendit,
937 1472 1083 1536 quaenam
1114 1472 1188 1535 qno·

79 1578 135 1640 qne
158 1556 225 1620 loeo
247 1557 419 1634 denotetur,
441 1555 643 1620 tantummodo
657 1576 698 1619 ex
713 1555 861 1620 sermonis
876 1554 1101 1619 continuatione
1118 1574 1186 1639 per·

78 1659 152 1743 spioi
172 1658 294 1742 poterit.
340 1656 489 1723 Animalia
511 1678 585 1722 varo
606 1679 667 1723 non
690 1657 787 1723 solnm
808 1678 827 1721 a
848 1655 955 1741 patria,
979 1658 1031 1721 sed
1045 1658 1187 1747 frequen·

79 1761 137 1826 tius
163 1782 181 1824 a
204 1760 302 1844 speeie
326 1760 459 1843 eorporis
481 1770 665 1844 naturaeque
692 1759 794 1828 iudole
815 1779 926 1822 nomen
948 1757 1052 1822 sortiri
1074 1758 1183 1834 solent,

77 1854 276 1950 αἰγόκερως,
299 1860 491 1955 όασόπους,
512 1862 678 1950 λέπαργος
704 1862 771 1929 Nie.
794 1861 851 1929 Τό.
875 1858 951 1927 359.
976 1852 1188 1948 μελαγκόρυ-

78 1990 155 2052 φος,
178 1961 366 2053 ὀξύρυγχος,
389 1958 555 2039 συνόδους
570 1967 727 2050 (dentes),
744 1958 948 2055 χρύσοφρυς,
970 1955 1189 2050 φοινικόπτε-

78 2092 155 2154 ρος,
174 2067 375 2160 αἱμόρρους,
396 2060 526 2155 δρομός
554 2069 699 2153 (dromas)
723 2068 826 2154 steph,
851 2088 878 2131 s.
902 2060 1049 2153 Αόυρυ,
1075 2066 1185 2150 platea,

78 2193 133 2238 seu
154 2172 294 2256 platalea,
317 2172 414 2246 varia,
438 2171 565 2247 cassita,
589 2183 693 2248 orata,
718 2181 862 2246 οοοοοῑο,
885 2168 1086 2253 sanguisuga,
1110 2167 1187 2233 ossi·

77 2262 164 2358 fraga
186 2285 245 2338 eto.
270 2274 389 2359 plautae
410 2295 429 2338 a
449 2274 505 2339 diis
531 2275 756 2357 hominibusque
788 2284 841 2339 aut
868 2293 886 2341 a
914 2270 981 2336 loeo
1010 2270 1103 2335 natali
1134 2280 1188 2334 ant

77 2396 96 2441 a
117 2377 233 2440 formae
255 2378 437 2462 effectusque
452 2378 646 2461 proprietate,
670 2372 861 2464 α’ρτομιοίυ.
882 2367 1085 2463 γευτιυνήᾱ),
1105 2369 1188 2460 ἤρα·

74 2475 183 2558 aiolo,
204 2477 350 2564 κιρκοίυ,
373 2476 555 2564 rampeio,
576 2476 718 2563 sonato,
740 2474 878 2564 μηδιοή,
901 2480 1083 2563 ylouotffl),
1106 2474 1186 2560 pole-

81 2645 294 2662 „anu-uno—

148 2745 178 2812 2)
196 2742 302 2808 Ναξίας
320 2752 366 2800 καὶ
384 2742 433 2800 τοῦ
451 2739 522 2811 πρός
539 2738 624 2815 αότήυ
637 2738 823 2813 oinorpddusot
842 2742 875 2801 τό
893 2741 1186 2820 οἶπότριμμοῦἰοεὸοο,

78 2833 143 2900 nup.
164 2831 196 2885 ιι.
217 2830 341 2893 e1‚272.
887 2819 892 2837 ’

147 2933 176 2997 3)
193 2930 369 3001 Βακτριανοῖς
393 2927 475 2987 αὐτοῖς
499 2928 635 2998 (camelos)
658 2928 786 2987 καλοῦσιν
806 2925 916 2988 εἰκότως
936 2927 981 2987 ότι
1000 2932 1031 2987 ἐν
1047 2925 1187 3001 Βάκτροις

78 3019 203 3086 ἐγένοντο
218 3016 311 3084 Geopp.
331 3016 401 3071 XVI.
420 3020 464 3079 22,
485 3019 509 3074 d.
531 3018 662 3069 Camelum
682 3019 827 3071 buotrinnm
845 3020 957 3088 appellat
974 3017 1125 3087 Appuleius,
1141 3021 1186 3074 sed

81 3103 174 3154 Graeci
192 3104 309 3154 absolute
326 3103 492 3170 βακτριαυὴν
505 3105 602 3157 dixisse
619 3105 751 3161 videntur.

149 3206 177 3271 i)
194 3203 227 3256 V.
247 3205 358 3275 Hesyeh.
379 3222 400 3257 s.
420 3210 523 3276 Σαμία..

151 3309 177 3374 5)
194 3307 237 3359 Sie
255 3310 281 3359 in
299 3308 456 3361 Dioscoridis
475 3317 502 3361 et
519 3309 660 3367 Alexandri
677 3308 760 3364 Trall.
780 3310 855 3364 libris
874 3311 928 3365 iere
951 3323 1100 3368 constanter
1124 3315 1185 3366 seri·

82 3397 163 3455 bitur,
182 3391 298 3461 καδμεία
316 3411 391 3463 saepe
409 3396 476 3464 apud
495 3394 621 3452 telenum
635 3403 783 3465 ceterosque
794 3400 919 3452 materiae
930 3402 1043 3454 medicae
1057 3409 1184 3454 auctores.

150 3497 178 3559 t)
194 3497 324 3551 Poetieum
341 3499 449 3551 formam
465 3494 582 3570 ysnsoie.
602 3515 653 3567 qne
669 3499 862 3557 Andromaches
880 3504 966 3557 utitur
983 3521 1023 3574 up.
1044 3503 1134 3558 Galen.
1155 3503 1187 3554 do

79 3584 170 3639 Autid.
189 3585 210 3635 l.
230 3585 255 3645 6,
274 3585 319 3640 41,
338 3585 370 3637 Τ.
388 3584 460 3639 XJV.
478 3585 666 3655 Leniongraphi
681 3588 901 3655 praetermittunt.

152 3686 179 3754 7)
195 3685 311 3742 Γλυκεῒι
322 3682 340 3754 ἦ
352 3680 520 3759 γλυιόῤῥιζοο
531 3689 641 3759 uesper,
663 3707 731 3758 quae
748 3693 826 3756 vulgo
849 3684 1023 3765 γλοκόῤῥιζα,
1043 3693 1186 3756 elegantius

81 3776 128 3826 sed
145 3768 230 3825 minue
248 3774 424 3838 signifiosutsr
445 3771 589 3847 ἦγλοκεῖα
608 3778 670 3844 prta
692 3779 789 3831 dieitur
805 3778 879 3835 Paul·
896 3781 960 3847 Aeg.
981 3781 1035 3832 Vll.
1058 3779 1104 3839 li,
1123 3778 1186 3837 22⁷.

82 3868 114 3911 ut
130 3855 207 3928 λουιή
231 3852 355 3914 isandus
380 3876 428 3929 pro
445 3857 648 3927 hemodos,
675 3870 702 3915 et
720 3880 820 3929 ¹genem
835 3873 930 3923 neutm
954 3861 1134 3933 γλυκῦῤῥιζου,
1156 3871 1187 3915 nt

79 3942 263 4018 μοὶιὶυδρυου,
280 3937 469 4016 ἐλυιότρυγου,
487 3945 683 4018 leuiumque,
710 3947 908 4020 οἱνδρόςαιμον,
931 3949 1090 4013 equisetum,
1105 3939 1187 4017 pode-

80 4053 163 4100 mtos,
180 4032 297 4085 uurienla
314 4033 427 4098 murina,
444 4045 510 4102 quae
529 4042 555 4087 et
566 4031 688 4106 μοοοώτη
705 4044 814 4091 vocatur
827 4030 969 4089 enotuit.
982 4034 1194 4103 tutamenta,

418 4274 423 4278 ,
485 4240 500 4271 Ι
