2534 4492
12 39 25 277 ,
234 119 294 184 DE
316 116 492 183 utuntu-
511 114 869 189 nurnonoelcn.
893 123 922 207 §.
945 124 977 191 2.
1086 128 1159 195 nott

13 284 19 345 l
63 296 164 361 omniu
183 298 354 374 conveniat,
378 298 431 361 secl
452 296 538 360 modo
560 295 701 378 giuvitnti
723 298 865 365 orationis
887 302 1056 373 consultum
1075 305 1159 371 vilc-

12 356 20 587 ι
61 409 125 478 tur,
140 402 227 463 modo
241 400 447 473 concinnitati,
471 398 555 462 modo
579 397 745 481 complures
768 396 869 465 eodem
891 402 957 468 lo'co
975 418 1158 471 concurrunt

61 501 211 578 rationes,
232 504 317 566 molo
340 513 440 565 nutem
461 500 535 562 nihil
558 501 635 582 qnod
656 498 817 563 causemur
834 501 1050 572 hebemus-nisi
1066 511 1166 581 verbo¹

14 598 19 665 ζ
62 604 222 667 transitive
242 614 352 667 natura
373 624 428 666 sue
449 601 578 665 nominis
609 590 818 665 cdminiculum
845 602 1002 688 appetere,
1034 612 1110 694 qnod
1131 612 1158 675 si

63 703 182 769 aliunde
203 706 282 768 sumi
303 726 364 767 nou
385 714 494 787 potest,
515 704 638 787 fingitur
661 725 703 768 ox
725 705 847 768 notione
868 700 953 769 veihi
970 709 1162 776 lenocinante

61 806 126 890 ipse
154 808 222 870 soni
250 805 443 870 similitudine
475 817 510 870 ut
529 805 623 869 Anu.
652 806 713 870 Pul.
742 805 808 871 Vll.
840 828 872 870 n.
903 805 979 872 261.
1001 810 1035 874 τί
1055 814 1160 880 πλέον

15 948 18 953 -
60 904 111 981 ελς
134 903 240 974 οἷδῑνα
261 920 401 985 πονεῖν,
430 906 465 974 τί
492 906 529 973 δε
556 907 658 977 τέκνα
684 908 863 991 τεκέσθαι,
895 909 1026 994 Oppian.
1044 912 1110 976 Hel.
1134 916 1158 979 l.

61 1007 140 1074 599.
163 1007 387 1095 δρμαίνονται
407 1004 572 1083 Εὔξεινον
592 1011 681 1094 μετελ
704 1008 833 1078 πόντον
852 1010 897 1079 ἵν’
918 1008 1043 1079 acoleo
1062 1014 1163 1082 τέκνα

59 1110 239 1179 τέκωνται.
260 1113 346 1176 Hom.
372 1113 410 1175 H.
433 1112 466 1176 in
489 1112 559 1176 Cer.
585 1112 660 1178 136.
681 1110 769 1200 κλμῑν
792 1114 877 1180 ’θεολ
903 1109 995 1183 δοῖεν
1016 1116 1165 1203 κουριδί-

62 1237 124 1287 ους
142 1208 269 1299 ἄνδρας
293 1215 350 1281 καὶ
377 1213 479 1282 τέκνα
505 1214 676 1284 τεκέσθαι.
709 1218 816 1302 Odyss.
840 1214 925 1281 XlX.
949 1216 1024 1285 tut.
1048 1216 1165 1307 ὀδύρε-

60 1340 119 1383 ται
139 1310 234 1403 ἄνδρ’
249 1314 393 1383 ὀλέσασα
409 1316 593 1401 κουρίδιον,
615 1318 660 1405 τῷ
672 1319 774 1385 τέκνα
788 1318 880 1407 τέκῃ,
896 1331 928 1383 et
948 1321 980 1383 iu
996 1323 1060 1406 ipso
1080 1335 1162 1408 prot·

62 1419 221 1503 euangelio
249 1423 287 1485 λν
315 1413 437 1493 λύπαις
463 1419 538 1508 τέξῃ
570 1419 695 1495 τέκνα,
724 1441 786 1482 non
815 1420 912 1483 solum
941 1424 1041 1489 nullus
1072 1427 1170 1491 uobis

63 1521 217 1585 suboritur
236 1521 400 1604 pleonesmi
424 1542 532 1584 sensus
554 1522 606 1584 sed
627 1521 726 1605 potins
747 1521 887 1606 pleraque
908 1524 1040 1604 illorum,
1064 1529 1090 1591 si
1110 1536 1164 1590 noss

13 1602 17 1627 ¹
63 1644 135 1687 men
155 1625 289 1702 deesset,
315 1644 421 1686 monce
447 1624 635 1688 riderentur.
679 1621 782 1706 Neque
812 1622 869 1687 tici
897 1636 999 1710 potest
1024 1649 1089 1704 cos,
1113 1630 1166 1711 qui

14 1802 17 1811 Ι
66 1727 111 1790 ito
131 1727 335 1811 loquerentur,
358 1727 506 1811 propriam
528 1725 614 1792 verbi
632 1725 758 1794 τίκτειν
785 1738 928 1810 sequutus
955 1748 1022 1792 esse
1051 1730 1165 1814 signifi·

14 1832 20 1945 i
66 1829 226 1906 cntionem,
250 1849 325 1911 quoe
347 1849 388 1891 ex
409 1830 488 1893 affini
501 1826 631 1919 τεύχειν
645 1829 744 1893 elucet
757 1830 873 1913 quidem
886 1828 993 1906 adhuc,
1013 1829 1092 1895 sicut
1105 1852 1165 1916 po-

15 1948 19 2017 p
66 1952 139 1994 roro
157 1930 233 1993 nihil
256 1931 336 1995 eliud
357 1950 426 1996 esse
447 1932 567 1997 videtur
588 1953 674 2016 prum
690 1954 823 2018 parare,
846 1934 900 1997 sed
915 1934 1087 2018 jamdudum
1109 1954 1165 1997 ex·

65 2031 158 2098 olevit
179 2054 239 2096 non
260 2034 359 2098 minus
386 2056 474 2120 quem
498 2035 584 2099 latini
613 2046 643 2100 et
665 2036 829 2119 germanici
856 2036 953 2101 verbi.
999 2036 1053 2100 His
1074 2030 1164 2099 odne'·

65 2135 174 2199 ctimus
194 2135 338 2196 vocabola
358 2155 460 2195 rerum
481 2138 658 2197 solemnium
681 2148 713 2199 et
732 2138 940 2201 sacrificalium
958 2136 1087 2212 θυσίας
1101 2131 1167 2204 firi·

13 2240 17 2265 ⁵
62 2236 118 2301 ειν
140 2232 216 2294 Plct.
242 2232 309 2297 Cir.
333 2230 471 2295 11362.
495 2233 530 2296 C.
554 2233 633 2293 Plnt.
657 2233 696 2295 V.
718 2237 796 2296 Mar.
813 2236 911 2296 XVll.
936 2237 992 2297 llio
1008 2239 1163 2302 Chr.Xll.

11 2276 18 2383 l
64 2336 142 2401 417.
165 2334 304 2418 Xenoph.
326 2332 401 2416 Epir.
418 2332 456 2395 V.
481 2331 535 2409 11,
560 2331 611 2398 12.
633 2331 798 2417 μαντείας
808 2329 1043 2421 μαντεύεσθαι
1056 2337 1164 2400 Aeson.

66 2462 96 2505 c.
122 2438 206 2500 Ctes.
230 2434 291 2511 68,
322 2434 375 2499 39.
405 2429 504 2523 stipulo
533 2429 694 2522 εὔχεσθαι
719 2434 792 2518 Lys.
824 2456 851 2496 c.
877 2434 955 2496 And.
979 2456 1009 2516 p.
1035 2435 1108 2510 103,
1132 2439 1164 2501 4.

66 2534 220 2610 σπονδδς
238 2535 394 2603 σπένδειν
412 2537 487 2600 Eur.
510 2537 558 2599 El.
584 2535 658 2599 514.
674 2530 807 2622 γοέμσυς
826 2547 951 2623 γαμεῖν
966 2534 1096 2596 Herolo.
1114 2532 1165 2597 lV.

69 2641 144 2708 145.
175 2634 311 2726 κώμους
337 2633 504 2724 κωμάζειν
535 2639 591 2702 Dio
622 2638 707 2705 Cass.
729 2637 811 2701 LXl.
835 2636 868 2701 4.
891 2660 922 2723 p.
945 2635 1021 2712 983,
1045 2636 1076 2699 1.
1101 2658 1171 2723 oms

68 2746 209 2828 ninmqne
237 2742 424 2805 notissimum
453 2739 549 2827 δίκην
573 2732 725 2821 διιιοῖζειν.
774 2740 851 2805 Hinc
885 2740 1098 2807 descendemus
1123 2730 1168 2803 'ud

10 2828 16 2957 l
69 2847 206 2929 exempla
227 2866 245 2907 a
267 2843 473 2911 Grammaticis
494 2843 595 2909 asson.
638 2843 704 2907 lem
726 2845 762 2907 de
785 2842 944 2907 homericis
966 2841 1026 2905 illis
1041 2840 1169 2929 (δουλοῖς

10 2960 13 3005 t
68 2940 246 3039 βουλεύειν
268 2957 298 3009 et
319 2941 434 3035 μα’χιμ
457 2938 648 3039 μάχεσθαι,
679 2966 740 3008 uon
761 2946 917 3008 fortuitum
946 2964 1015 3007 esse
1036 2944 1168 3020 videtur,

10 3020 15 3141 l
70 3044 152 3137 quotl'
168 3050 251 3134 prius
272 3050 474 3112 tantummodo
503 3049 539 3111 de
567 3047 699 3111 consiliis
727 3047 852 3130 publicis
886 3047 1011 3122 dicitur,
1042 3047 1168 3110 alterum
1241 3053 1247 3064 ’

10 3166 15 3237 ᾗ
68 3156 107 3218 de
130 3152 182 3219 illu
207 3172 315 3235 pugna,
339 3172 413 3235 quae
434 3161 561 3237 vocatur
584 3148 830 3233 Epinausimeche
854 3149 920 3212 sive
951 3145 1049 3233 η’ἐπλ
1068 3145 1172 3216 ναυσι1

10 3272 15 3315 ι
69 3256 160 3329 Pons.
188 3253 227 3319 V.
253 3250 305 3327 19,
329 3252 361 3316 1.
385 3274 457 3336 ergo
479 3263 637 3335 utrumque
659 3253 695 3315 de
718 3262 800 3315 certo
825 3252 948 3335 quodem
973 3262 1005 3313 et
1026 3262 1097 3314 noto
1120 3271 1170 3333 ge-

10 3342 13 3375 ³
70 3378 146 3423 uere
166 3377 280 3435 rerum,
302 3355 333 3417 id
353 3356 430 3438 quod
452 3355 543 3439 vulgo
564 3353 690 3425 articulo
711 3352 875 3437 significari
895 3354 974 3417 solet
993 3350 1053 3419 τὸν
1077 3346 1172 3423 πόλι·

68 3482 142 3548 μον
171 3456 403 3544 πολεμοῦντες
430 3478 460 3520 τ.
492 3458 521 3539 §-
544 3455 576 3519 3.
607 3440 698 3540 quem
711 3456 783 3539 jure
803 3476 859 3518 suo
887 3455 988 3519 omisit
1016 3453 1172 3536 Euripides

70 3563 125 3627 Or.
149 3560 244 3625 1174.
269 3554 370 3627 ἔπειτ’
399 3553 514 3645 οἷγοῑνα
539 3557 611 3631 πῶς
635 3549 901 3643 ιῖγωνιοτλμεθα,
929 3559 959 3624 id
982 3568 1028 3619 est
1048 3550 1173 3621 τοῦτον

68 3660 132 3731 τδν
153 3660 270 3751 οἷνοῑνα
298 3674 332 3726 ut
363 3660 463 3729 isaeus
491 3661 623 3747 loquitur
652 3658 690 3722 ll.
715 3657 775 3738 to,
801 3658 856 3730 43.
902 3660 984 3741 Quae
1006 3672 1171 3725 verosseum

69 3768 225 3833 homerico
247 3766 339 3831 verbo
370 3765 502 3829 conferri
530 3761 630 3828 solent
651 3783 794 3846 pugnum
820 3782 970 3849 pugnare
999 3768 1030 3821 et
1060 3756 1142 3850 bellu

70 3870 205 3945 bellare,
229 3889 338 3931 eorum·
353 3869 436 3953 prius
458 3887 519 3929 non
539 3866 638 3951 reperi
652 3865 710 3929 nisi
729 3866 761 3928 in
773 3865 868 3929 Plauti
887 3859 1050 3947 Suppositis
1064 3857 1169 3941 Amph.

67 3993 99 4039 v.
127 3970 181 4039 17.
204 3969 333 4036 alterum
353 3991 463 4037 vereor
492 3979 524 4032 ut
550 3965 679 4055 reperiri
705 3967 810 4053 possit.
856 3962 978 4031 Graccis
1002 3969 1084 4023 certe
1109 3952 1175 4029 πό-
