2534 4492
115 159 185 230 ann
390 196 409 213 .-
435 136 751 217 nussnnnanto
767 150 877 218 ‘vult
975 206 979 211 .
1008 206 1014 213 .

119 345 293 410 consector,
315 344 350 398 nt
370 332 407 397 de
428 332 578 397 οοιιιιιιιὶο
600 328 843 416 ροιαιοιοιιιοϋίι
861 326 987 417 στέρνα
1003 327 1121 414 θῆλυν
1134 329 1221 416 inni·

116 466 162 509 τοι
182 438 326 521 Melange.
355 434 448 499 Antia.
463 432 541 497 ,Xll.
569 454 600 497 n.
616 431 689 497 41..
702 429 824 519 Aeliani
838 433 942 497 :verba
962 431 1001 495 Η.
1025 431 1108 496 Αιιιι.
1130 431 1218 497 xlv.

116 540 171 613 25.
193 530 311 625 θήραν
333 533 465 626 ἰχθάοιν
487 532 622 620 ἐνάτην
639 531 841 619 θηράοιτὶο
857 533 1027 618 accipienda
1048 543 1122 597 eunt
1134 534 1220 617 quasi

117 642 259 725 seriptum
281 649 362 703 esset
388 636 622 727 ι’χθνοθηρὶαν
643 630 818 723 τοιαύτην.
859 636 920 703 Sed
939 633 979 702 τὸ
1002 632 1220 725 Καλλιρρόης

115 737 264 830 θήραμα
291 731 448 827 θηράσας’
475 738 591 804 Chanit.
614 737 666 805 tu.
684 737 731 813 ,4,
762 735 835 803 139.
864 737 1131 823 natiuitatis-est
1152 740 1219 823 ner·

117 860 220 911 sonae.
1095 892 1099 903 .

201 1151 266 1232 Quo
292 1150 478 1233 frequentius
504 1156 566 1215 est.
582 1151 679 1234 ipsum
707 1148 818 1215 amotis
847 1156 979 1225 nonien,
1006 1159 1092 1215 tanto
1119 1148 1218 1236 major

116 1256 199 1341 eopia
220 1254 323 1319 talium
337 1251 520 1328 dictionum,
543 1252 623 1338 ἕρᾷν
642 1257 749 1338 ἔρωτα
765 1246 913 1337 θερμόν,
935 1264 1108 1338 γενναῖον,
1131 1276 1219 1338 σφο-

115 1352 207 1444 ι1ρόν,
230 1356 328 1419 addito
351 1354 483 1437 genitivo
505 1355 550 1417 nei
572 1375 647 1437 quae
668 1366 786 1419 amatur
807 1355 886 1419 Plnt.
911 1353 1013 1438 Symp.
1029 1353 1068 1417 ll.
1088 1353 1217 1433 Quaest.

115 1458 153 1524 ll.
180 1456 240 1533 10,
264 1454 317 1521 69.
342 1455 448 1518 Galen.
480 1455 516 1518 de
543 1456 630 1518 nam.
654 1455 745 1520 Anat.
769 1455 794 1519 l.
820 1456 858 1532 1,
880 1455 935 1521 25.
964 1457 1003 1520 Τ.
1027 1455 1066 1520 V.
1092 1455 1214 1519 Aelian.

112 1561 151 1629 H.
168 1557 262 1623 A.Vl.
281 1556 332 1620 15.
347 1556 472 1619 Lueian.
491 1557 578 1620 deli.
596 1558 719 1643 Peregn.
734 1560 762 1642 ᾖ.
778 1557 831 1624 20.
850 1558 994 1621 Themist.
1008 1557 1214 1633 >tutti-224.

112 1662 148 1728 B.
174 1660 296 1744 Oppian.
320 1657 387 1722 llnl.
412 1657 449 1720 V.
473 1656 549 1721 454.
576 1658 688 1723 Julian.
717 1661 823 1745 Misop.
855 1682 885 1744 p.
907 1659 982 1724 347.
1012 1659 1047 1722 Β.
1070 1659 1215 1744 Xenoph.

111 1762 187 1847 Enh.
209 1760 246 1824 ll.
274 1760 308 1835 3,
331 1759 384 1823 34.
407 1760 532 1844 Procop.
555 1759 627 1823 Are.
652 1761 709 1824 IX.
734 1761 786 1826 74.
820 1763 877 1827 Sed
899 1763 935 1825 de
964 1761 1021 1826 hoe
1048 1762 1113 1846 ipso
1142 1782 1216 1828 nasu

111 1867 259 1929 incertum
283 1873 329 1926 est
352 1864 429 1926 unde
450 1862 596 1946 pendeat,
626 1883 667 1926 ex
694 1866 814 1929 nomine
841 1886 880 1928 an
902 1885 919 1928 ο
941 1864 1054 1939 ve1·bo;
1085 1884 1139 1947 pro
1157 1861 1216 1927 illo

112 1967 196 2031 alleri
217 1975 335 2049 potest,
368 1965 496 2050 primum
524 1964 602 2049 quod
629 1986 716 2031 nasus
745 1980 891 2050 personae
918 1987 1006 2048 saepe
1028 1966 1115 2030 deest
1134 1969 1216 2052 ἐρα-

111 2067 243 2151 σθῆναι
261 2062 498 2152 παραπλήσιον
520 2070 628 2153 ἔρωτα
646 2066 764 2131 Aelian.
789 2067 932 2131 H.·Ann.
956 2066 1008 2130 Vl.
1035 2067 1088 2131 15.
1112 2060 1216 2143 οὗτος

110 2168 223 2253 (ἔρως)
250 2168 342 2233 ἐστὶν
373 2167 412 2234 ὃν
442 2173 476 2234 οἱ
505 2169 630 2254 φαῦλοι
658 2168 757 2254 ἐρῶσι
785 2169 862 2233 Plat.
892 2168 995 2254 Symp.
1020 2167 1095 2233 181.
1119 2170 1155 2235 Β.
1181 2181 1216 2237 et

111 2270 293 2337 oonstnuetio
315 2271 493 2349 verborum,
517 2292 591 2354 quae
623 2272 787 2356 genitivum
816 2292 876 2334 non
903 2282 1013 2356 regunt
1044 2283 1078 2335 ut
1103 2267 1216 2358 τήνου

109 2372 171 2441 τὸν
192 2368 362 2459 ιιλάμενον
393 2367 583 2439 αατοτάιιετ’
610 2377 719 2459 ἔρωτα
738 2372 858 2437 Theon..
871 2373 954 2436 XIV.
978 2370 1031 2437 26.
1069 2372 1214 2441 Alterum

112 2499 186 2543 vero
210 2497 249 2540 ne
272 2475 449 2539 excludatur
470 2476 588 2539 obstant
608 2475 668 2539 loci
689 2475 731 2554 ii,
755 2475 787 2538 in¹
809 2475 913 2559 quibus
933 2474 1056 2537 verbnm
1077 2475 1214 2541 relativo

109 2581 297 2664 subjunctum
320 2589 382 2643 est=
406 2591 479 2651 τοῖς
497 2580 564 2664 μὲν
586 2577 794 2664 μετεμέλησε
814 2576 876 2644 τοῦ
895 2580 1035 2663 ἔρωτος,
1059 2571 1100 2642 ὅν
1124 2571 1215 2665 η’ρά·

109 2689 245 2765 οθησαν
265 2680 328 2745 τοῦ
353 2675 568 2764 Ἀλκιβιάδου
593 2682 719 2746 Lucian.
744 2680 848 2764 Scyth.
872 2680 900 2761 ς.
925 2678 977 2743 11.
1002 2674 1143 2766 όέρας,
1168 2680 1212 2749 ὃν

106 2781 167 2865 τῆς
186 2777 408 2864 Λαοδαμείας
431 2779 489 2864 ἐρᾷ
506 2780 648 2845 Philostn.
680 2780 752 2846 lior.
777 2782 815 2845 ll.
846 2779 920 2846 674.
944 2802 997 2866 pro
1020 2803 1077 2865 quo
1099 2782 1212 2847 substi-

108 2883 154 2946 tui
175 2893 273 2967 potest
294 2879 335 2949 ὅν
355 2916 399 2929 -
423 2885 498 2970 ἔσχε
524 2893 558 2946 ut
584 2883 659 2947 Eun.
684 2882 769 2968 Hipp.
793 2883 868 2948 337.
904 2893 935 2946 et
968 2884 1045 2968 quod
1069 2884 1102 2947 in
1126 2883 1206 2947 Plat.

108 2983 234 3048 Phaedr.
258 2983 333 3050 240.
357 2984 396 3048 D.
419 2978 555 3052 άιιοάοιν
575 2983 608 3069 (ὁ
628 2981 782 3072 ἐραστής)
802 2981 996 3071 άπτόηιιενος
1018 2983 1210 3053 antoninos»

105 3088 270 3173 αἴσθησιν
303 3079 512 3174 αἰσθόμενος
538 3088 601 3156 τοῦ
630 3089 824 3176 ἐρωμένου,
858 3087 1010 3172 genitivus
1049 3098 1152 3173 aperte
1189 3109 1211 3153 a

106 3191 199 3253 verbo
221 3189 350 3273 regitur,
372 3211 433 3254 non
458 3213 476 3255 a
501 3192 632 3255 nomine.
676 3192 745 3255 Alia
769 3202 817 3254 est
838 3191 873 3253 de
898 3191 1070 3256 accusativo
1090 3191 1210 3256 dubita·

102 3292 158 3371 tio,
180 3291 367 3357 actionemne
389 3294 538 3378 significet
561 3315 600 3357 an
621 3295 785 3379 objectum,
809 3293 885 3377 quod
907 3293 1036 3369 dieitur,
1059 3293 1206 3359 aetionis.

105 3394 200 3474 Quam
221 3393 254 3457 in
275 3416 339 3458 nom
361 3397 518 3481 producam
540 3396 653 3481 aliquot
677 3417 779 3459 eorum
800 3397 973 3472 verborum,
996 3415 1071 3479 quae
1093 3405 1209 3459 statum

103 3506 135 3561 et
154 3508 267 3560 motum
289 3499 475 3582 significant3
509 3521 577 3562 nam
605 3500 678 3563 haee
700 3517 813 3582 quoque
836 3519 903 3561 eum
925 3496 1093 3563 nominibus
1125 3500 1208 3584 ejus-

102 3598 169 3661 dem
190 3597 241 3663 vel
263 3601 356 3686 etymi
377 3604 426 3667 vel
447 3602 672 3687 significationis
696 3600 835 3684 oonjnngi
853 3599 971 3664 solent:
998 3595 1130 3687 άνάηιιη
1143 3598 1209 3675 τοῖς

101 3696 221 3776 πόλιας
243 3701 369 3778 ταύτας
394 3704 495 3772 θέσιν
527 3704 668 3772 νέεσθαι
691 3699 928 3790 νοσερωτάτην
952 3702 1037 3785 Hipp.
1067 3703 1105 3767 de
1127 3707 1203 3768 Aen.

103 3814 134 3866 et
154 3804 244 3870 Looo.
268 3806 304 3870 T.
320 3806 344 3869 l.
370 3804 444 3870 531.
468 3804 557 3891 (333.
580 3807 685 3886 Lind.)
707 3799 804 3880 πόλις
835 3801 985 3892 αὐτάρκη
1011 3802 1115 3872 θέσιν
1139 3829 1207 3873 aaa·

100 3904 187 3992 ηιὲνη
206 3908 341 3995 Thnoyd.
369 3907 393 3970 l.
417 3905 470 3970 37.
505 3908 581 3991 qnod
609 3907 729 3973 schema
751 3907 932 3972 scholiastes
953 3906 1127 3992 peritaopen
1149 3930 1204 3972 vn·

83 4002 166 4085 ’σοις
190 4007 321 4085 στάσεις
345 4015 511 4078 ἵστασθαι
527 4003 745 4101 παραβόλους
765 4009 844 4077 Plnt.
866 4011 902 4075 de
922 4009 999 4085 Sall.
1018 4008 1101 4074 Ann.
1126 4007 1199 4075 ΧΗ.
