2534 4492
252 179 309 244 nn
331 175 494 245 nourr.
518 174 566 243 uu
587 161 666 245 τῇ
682 178 880 244 ronuur.
903 179 933 265 ς.
952 179 1004 244 11.
1113 177 1184 246 mo

84 361 169 437 duci,
202 361 304 446 ntique
333 382 395 426 non
416 378 553 443 semper,
581 378 650 421 nam
677 367 803 420 centena
830 369 936 424 extant
963 359 1038 444 apud
1060 368 1182 423 veteres

86 474 240 546 correptae
268 463 399 548 syllabae
421 459 559 545 exempla
579 452 812 544 οἷκρητοπότης
835 461 943 524 Herod.
966 456 1184 553 βραχυπότης

69 575 115 627 et
136 560 337 651 όρῥοποτοῑν
361 565 501 648 Hippocr.
524 554 779 649 γολοιντοπότης
800 560 908 625 Herod.
938 574 969 626 et
989 565 1091 648 Enrip.
1118 588 1184 650 μο-

82 660 263 753 τριοπότης
284 668 424 751 Xenoph.
450 667 526 749 quod
549 665 655 728 Pollux
673 660 804 737 εὐτελές
827 683 894 725 esse
911 665 1033 746 judicat,
1055 663 1183 733 όόοιτο-

82 760 190 854 πότης
210 769 398 854 Phrynichus
421 767 560 831 Comicus
591 789 638 851 ap.
661 767 771 830 Athen.
796 765 833 828 ll.
858 763 912 827 44.
939 766 975 828 n.
1001 761 1183 854 φιλοπότης

78 868 180 934 Arist.
204 869 377 955 Vesp279.
408 891 484 954 quae
511 870 632 954 produci
665 869 730 932 sine
758 868 848 934 metri
885 869 992 930 damno
1019 881 1181 952 nequeunt,

77 983 116 1035 et
146 994 167 1036 a
188 972 309 1035 Polluce
331 971 383 1035 Vl.
406 971 460 1038 20.
490 995 557 1037 cum
585 971 731 1036 similibus
758 971 790 1033 in
822 991 945 1034 censum
975 969 1070 1033 relata
1095 982 1182 1051 sunt3

70 1095 120 1137 ac
150 1073 290 1137 similiter
322 1073 355 1135 in
386 1075 564 1159 Antbologia
601 1086 633 1138 et
669 1075 743 1158 apud
770 1073 943 1148 Timonem,
977 1070 1186 1136 Manethonem

74 1176 217 1260 aliosque
239 1187 340 1259 poetas
361 1177 503 1262 leguntur
523 1173 812 1265 οἷρῥνθμοπότης,
832 1171 1015 1262 ἦδοπότης,
1040 1165 1188 1256 ζωροπό-

72 1302 156 1364 της,
179 1273 410 1366 θερμοπότης,
434 1276 666 1366 μαριλοπότης
693 1291 752 1344 etc.
806 1281 855 1342 Ex
877 1281 980 1362 quibus
1008 1275 1190 1360 intelligitur

74 1380 161 1444 banc
184 1382 308 1444 formam
329 1384 445 1446 Atticos
468 1405 534 1446 oum
559 1384 627 1447 aliis
648 1405 835 1447 communem
857 1383 985 1459 babere3
1008 1381 1062 1444 sed
1085 1379 1188 1442 iisdem

80 1504 299 1568 nonnunquam
327 1485 475 1568 placuisse
507 1486 700 1570 penultimam
721 1488 885 1569 producere
912 1483 1011 1566 plures
1041 1493 1112 1546 sunt
1141 1480 1190 1564 qui

79 1596 247 1649 testantur.
292 1586 405 1649 Moeris
427 1608 456 1670 p.
481 1586 556 1651 380.
580 1585 791 1673 ὑδροποτεῖν
817 1583 870 1652 dod
893 1587 955 1651 coci
979 1572 1008 1652 οἶ
1035 1582 1189 1659 όττινός,

79 1687 165 1751 sicut
191 1685 426 1755 ὑδατοποτεῖν
456 1689 596 1754 Cratinus
627 1690 705 1753 dixit
731 1690 851 1773 Fragm.
876 1687 929 1753 78.
953 1688 1057 1751 Aelius
1079 1688 1192 1772 Diony·

77 1791 150 1854 sius
172 1791 309 1855 Eustath.
334 1813 363 1875 p.
378 1790 474 1869 1716,
498 1792 552 1856 30.
576 1791 718 1865 οἶττινός
739 1789 877 1856 ἐκτείνει
891 1787 955 1876 τήν
976 1785 1194 1876 παραλόγου-

82 1891 196 1979 couci
220 1887 378 1979 όμπωτις
402 1891 445 1968 cic
468 1895 524 1961 καὶ
551 1895 570 1962 o‘
591 1887 826 1982 αἱμοτοπότης
841 1893 898 1959 καὶ
918 1889 1106 1979 ὑδροπότης
1123 1892 1193 1974 (sic)

77 1995 226 2081 idemque
253 1996 423 2080 significare
451 1999 571 2063 videtur
598 1999 771 2062 Athenaeus
795 1995 851 2059 Xl.
875 1994 951 2060 460.
983 1996 1018 2058 Β.
1046 1988 1194 2081 ποτήριον

75 2092 280 2185 οἷνομόσθη
292 2096 361 2166 οἷπό
374 2100 435 2185 τῆς
453 2093 594 2176 πόσεως,
619 2098 663 2175 οἷς
680 2099 719 2166 τό
735 2104 878 2186 ἔκπωμα
896 2104 929 2164 ol
940 2093 1099 2166 Ἀττικοί·
1121 2098 1194 2164 ἐπεὶ

68 2196 292 2286 ’ὑδροποτεῖν
313 2201 370 2266 καὶ
395 2205 589 2269 οἰνοποτεῖν
616 2204 697 2286 (οοό.
724 2205 815 2266 Marc.
839 2203 884 2265 bis
906 2199 1113 2285 -,ποοτεϊν)
1140 2198 1195 2264 λε’·

77 2323 202 2387 γονον·
234 2301 290 2368 καὶ
309 2294 555 2391 Ἀριστοφόνης
579 2309 615 2370 ἐν
640 2304 686 2389 τῷ
707 2298 796 2388 αὐτῷ
825 2284 973 2387 δράματι
992 2293 1194 2387 αἱματοπώ-

79 2429 150 2492 της
173 2405 229 2472 cul
248 2395 425 2489 ποτήριον,
449 2426 573 2488 quorum
596 2405 669 2468 baec
691 2405 757 2467 sine
779 2404 866 2466 dnbio
888 2416 935 2467 est
949 2406 1111 2482 sententia,
1134 2429 1195 2473 πο·

80 2503 222 2592 τήριον,
246 2527 372 2593 servare
392 2507 527 2569 vocalem
557 2506 700 2591 primitivi
722 2498 827 2589 πότης
855 2516 889 2568 ut
912 2506 1052 2590 simplex,
1076 2528 1196 2589 compo-

91 2611 151 2674 sita
174 2629 248 2672 vero
270 2607 362 2670 attico
385 2609 509 2690 quodam
530 2629 614 2671 more
626 2607 747 2692 produci
765 2610 919 2692 ἔκπωμα,
944 2601 1196 2693 αἱματοπώτης,

95 2712 228 2797 qnodque
245 2708 292 2772 bis
305 2708 452 2794 adjungit,
476 2708 696 2774 Anacreontem
719 2703 912 2795 οἰνοπότης,
928 2709 1090 2773 Homerum
1109 2713 1198 2777 οἶνο·

98 2810 259 2903 ποτόζειν
280 2811 414 2887 dixisse,
444 2832 481 2876 eo
512 2812 643 2896 pertinet
670 2823 705 2875 ut
735 2812 954 2896 intelligamus,
972 2795 1056 2896 ,quid
1078 2813 1195 2897 proprie

94 2919 215 2982 atticum
238 2914 289 2995 sit,
311 2914 379 2997 quid
401 2936 504 2979 omnes
526 2916 558 2978 in
579 2914 747 3000 promiscuo
765 2914 933 2979 habuerint.
979 2915 1082 2999 Neque
1098 2926 1197 2979 tamen

93 3019 165 3085 baec
189 3019 233 3082 ita
254 3017 347 3102 accipi
378 3018 502 3093 debent,
535 3029 674 3102 tanquam
704 3018 866 3082 existiman
894 3017 1121 3104 Lycophronem
1152 3020 1199 3099 (ut

93 3121 148 3184 boc
170 3119 252 3205 utar)
275 3143 363 3203 quum
387 3114 586 3208 αἱμοπότης
609 3121 767 3196 scriberet,
791 3122 885 3205 magis
907 3121 1017 3184 atticae
1040 3131 1199 3185 consuetu·

95 3224 170 3287 dinis
192 3222 298 3308 regula
321 3244 407 3307 quam
429 3245 572 3288 concessa
594 3223 730 3287 omnibus
753 3222 891 3286 libertate
906 3243 991 3285 usum
1008 3245 1087 3288 esse.
1123 3221 1199 3288 Nam

92 3326 247 3412 productio
271 3327 306 3389 ad
329 3326 386 3390 boc
407 3325 581 3395 universum
601 3345 696 3409 genus
718 3325 867 3409 pertinet,
891 3319 1113 3414 μεθνόιότης,
1138 3349 1199 3390 ον-

91 3421 216 3515 βοότης,
240 3423 402 3515 διαβήτης
425 3438 483 3492 etc.
514 3428 683 3511 nulliusque
712 3439 764 3490 aut
787 3427 905 3492 dialecti
926 3429 1034 3495 linibus
1057 3428 1198 3494 termina·

93 3541 146 3594 tur
166 3542 218 3595 ant
239 3531 463 3616 significationis
484 3531 602 3594 ratione
629 3529 757 3613 regitur.
802 3528 936 3614 Namque
960 3531 1197 3596 commenticium

92 3632 226 3712 videtur,
257 3634 333 3718 quod
355 3632 540 3699 Herodianus
562 3633 654 3696 tradit
675 3631 835 3695 discrimen
857 3633 890 3696 in
911 3635 1012 3720 Etym.
1036 3634 1077 3698 M.
1101 3632 1200 3718 φιλο-

94 3729 201 3823 πότης
221 3733 240 3801 ό
259 3734 366 3824 φιλῶν
390 3731 537 3816 πότους,
558 3727 751 3825 φιλοπότης
777 3731 852 3801 dto‘
878 3737 985 3824 φιλῶν
1008 3732 1116 3805 πολλοὶ
1139 3727 1200 3797 πί-

95 3861 180 3916 νειν,
205 3839 310 3923 quibus
333 3860 407 3923 quae
430 3839 585 3922 subjuncta
607 3849 678 3902 sunt
699 3839 810 3920 verba,
843 3839 876 3902 in
898 3835 1091 3902 Herodianeis
1114 3833 1199 3899 Pler-

92 3942 162 4006 soni
185 3965 215 4027 p.
240 3941 314 4005 457.
339 3954 370 4005 et
395 3941 558 4005 Hermanni
579 3964 608 4025 p.
626 3937 701 4004 310.
725 3942 935 4026 praetermissa
955 3936 1060 4019 πόμα
1074 3933 1138 4027 polp
1158 3939 1196 4006 τό

90 4033 205 4112 ποτόν
229 4043 286 4113 aul
309 4041 351 4111 οό
376 4040 485 4132 πόμα,
508 4064 544 4109 ea
564 4046 601 4109 ad
622 4044 825 4129 probationem
847 4041 922 4106 nibil
940 4036 1115 4119 conferunt,
1142 4042 1200 4107 nisi
