2534 4492
117 170 192 241 eut)
471 165 789 234 utssuuudule
816 166 855 236 V.

119 350 269 417 lx.100.
293 349 326 413 in
346 348 421 412 Edd.
446 358 522 413 vett.
546 359 577 412 et
598 348 663 413 eud.
688 346 868 412 Schellersh.
892 349 929 413 de
950 370 1009 433 que
1033 361 1112 415 tacet
1132 348 1225 415 Gais-

118 455 239 529 ierdns3
265 451 371 536 nuperi
387 462 485 515 autem
505 450 634 514 editores
651 443 835 541 acjaceeysj
852 452 1050 537 scripserunt,
1074 454 1224 536 quomode

117 554 230 638 legitur
250 553 347 638 Long.
368 554 447 617 Past.
468 551 520 615 111.
540 550 594 617 28.
617 551 728 635 Agath.
748 553 825 617 Hist.
846 551 897 615 111.
920 552 976 631 21,
997 552 1053 618 97.
1070 557 1110 618 Α.
1134 553 1242 638 quasi.

118 656 158 722 sit
188 657 362 719 femininum
391 655 530 740 adjectivi
557 647 756 741 acjaccuydr
783 658 832 738 (ut
856 651 1031 742 ναυαμός).
1075 656 1134 718 Sed
1164 655 1225 719 boe

117 759 252 847 quamvis
274 756 432 843 eenveuiat
454 757 622 821 numinibus
642 748 874 823 substantiarum
896 752 1098 842 καπνοδόκη,
1119 754 1225 842 ὑδρο-

116 856 188 948 ρόη,
206 857 361 949 δδροχόη,
381 878 455 943 quae
475 870 507 922 et
524 860 689 925 masculine
707 860 894 946 appellantur
910 855 1103 946 ὑδρορρόας,
1120 850 1227 944 ddcc-

116 956 210 1054 χόας,
240 975 340 1026 tamen
361 959 536 1023 vocabulum
559 963 695 1038 actuale,
725 983 782 1046 quo
807 955 959 1048 κύματος
979 958 1045 1050 α’γή
1071 960 1225 1041 significa·

116 1078 184 1143 tur,
214 1068 251 1130 ab
272 1062 486 1148 adjectivorum
508 1073 615 1127 natura
639 1063 759 1149 langius
780 1064 916 1133 discedit.
961 1066 1103 1128 Ceterum
1128 1063 1225 1139 utris-

117 1188 175 1261 que
197 1184 352 1245 commune
374 1173 408 1235 ut
429 1162 528 1233 lecum
549 1166 703 1230 denotent.

616 1357 645 1443 ς.
670 1354 723 1427 κ.

201 1476 314 1542 Verum
338 1474 390 1542 ille
415 1472 681 1562 Grammaticorum
707 1478 803 1543 canon
828 1498 883 1543 nes
907 1489 1093 1554 commonet,
1124 1487 1161 1542 ut
1185 1498 1225 1543 ee

116 1602 232 1667 queque
260 1580 393 1659 breviter
418 1581 615 1666 attingamus,
650 1602 727 1665 quae
753 1603 820 1645 cum
847 1581 1030 1665 praeverbiis
1058 1568 1224 1664 composita

116 1680 301 1768 sivelpotius
322 1676 653 1768 averiis'cumpesitis
675 1684 809 1751 desirata
830 1693 912 1747 sunt.
946 1683 1058 1746 Herum
1080 1683 1224 1767 pleraque

26 1848 30 1861 ,
115 1786 262 1873 adjectiva
283 1798 355 1850 sunt
376 1780 608 1871 ᾰνίπροφος,
631 1776 824 1869 (indecens,
845 1778 1059 1871 α’μφίπολος,
1082 1779 1226 1851 οίντίλο-

115 1911 191 1976 ρος,
224 1885 395 1967 designor,
428 1884 606 1976 διάβροχος
612 1892 639 1965 ,·“·
657 1887 812 1973 ἔκβολος,
844 1889 1001 1964 ἔντονος,
1034 1885 1224 1976 ἐπίτροχος,

115 1986 314 2066 ἐπίκλοπος,
336 1983 545 2073 κατοίφορος,
566 1980 797 2072 κατοίρροπος,
818 1983 1037 2073 παροίμουος,
1061 1987 1225 2074 περίτρο-

115 2114 197 2169 sees,
220 2084 426 2175 πρόςφορος,
449 2085 646 2171 οδμπνους,
663 2080 900 2176 δπόοτροφος,
931 2089 1076 2172 aquibus
1099 2086 1224 2154 secerni

114 2201 244 2275 oportet,
268 2208 343 2272 quae
367 2209 433 2253 cum
455 2189 650 2253 substantivis
671 2190 810 2254 connexa
831 2201 902 2256 sunt
922 2190 1098 2278 ἐπίψογος,
1121 2196 1226 2258 ἐκνο-

112 2314 197 2381 μος,
219 2283 403 2379 δπόλογος,
429 2288 611 2380 οίνοίλογος,
636 2288 829 2382 παράλογος
853 2306 912 2358 ete.
939 2294 1040 2378 paucis
1063 2294 1095 2355 in
1119 2295 1225 2358 medie

113 2396 246 2471 relictis,
278 2414 352 2479 quae
379 2393 467 2458 mede
490 2393 704 2481 synthetorum
724 2396 971 2481 significationem
996 2394 1105 2456 habent
1129 2397 1226 2460 mode

114 2498 395 2587 parasynthetorum
417 2507 451 2562 ut
471 2492 622 2587 ὕπαρχος
643 2508 675 2561 et
695 2495 878 2587 ἐπίσκοπος
899 2517 931 2561 v.
955 2498 991 2559 ad
1013 2498 1062 2580 Aj.
1085 2493 1162 2560 976.
1188 2510 1225 2565 et

115 2600 211 2666 1105.
255 2600 392 2671 Alterum
414 2597 509 2685 genus
531 2612 587 2683 est¹
602 2622 642 2665 ex
664 2601 819 2685 adjectivis
843 2610 875 2663 et
895 2597 1093 2662 substantivis·
1114 2601 1223 2664 cundu-

53 2708 60 2733 ί
114 2721 198 2785 εοιος
227 2722 355 2783 namque
377 2721 437 2762 non
459 2694 556 2767 solua'n
578 2701 687 2762 dicitur
706 2700 906 2783 περίδρομοι
928 2692 1026 2775 κύνες
1048 2710 1079 2762 et
1099 2702 1220 2783 passive

112 2814 195 2891 γαῖα
218 2799 422 2887 περίδρομος
445 2800 546 2873 Νοοο.
570 2798 673 2877 XXV,
696 2799 770 2863 388.
801 2801 852 2863 sed
877 2801 966 2885 etiam
992 2798 1093 2867 (1τοῦ
1118 2799 1219 2887 ἡλίου

113 2902 318 2989 περίδρομος
346 2900 429 2964 Stob.
449 2896 525 2964 ¹idel.
555 2900 578 2963 1.
608 2899 684 2965 440.
714 2902 847 2993 Manetd.
874 2901 927 2965 lv.
955 2902 987 2967 5.
1018 2901 1221 2990 περίδρομοι

115 3004 200 3077 ἐτοῖν
222 3004 334 3089 Phryn.
353 3003 426 3086 App.
451 3000 510 3078 69,
530 3001 584 3068 29.
608 3008 645 3070 αλ
665 3001 816 3088 περίοδοι
834 3004 905 3070 ’τῶν
926 3000 1140 3091 περιδρόμων
1160 3006 1220 3071 Dio

117 3107 203 3171 Cass.
227 3105 339 3168 xutx.
363 3102 526 3186 43.¹(fere
550 3116 584 3169 ut
608 3107 693 3174 ἐπῶν
715 3104 866 3173 ἐνιαυτοί
886 3107 980 3170 Arist.
1004 3108 1100 3172 Rann.
1124 3106 1223 3195 347.)

116 3212 278 3291 eodemque
294 3209 379 3271 modo
397 3202 590 3295 α’νπίρῥους,
605 3208 797 3296 περίῤῥους,
815 3201 988 3288 διοίπλους,
1003 3207 1221 3298 παράπλους,

114 3308 314 3397 περίπλους,
338 3311 456 3394 utrique
477 3311 583 3394 generi
606 3313 783 3376 eommunia.
830 3312 887 3376 Sed
909 3314 1094 3379 substantive
1117 3325 1221 3379 tamen

114 3414 209 3498 magis
233 3413 270 3476 ad
293 3413 465 3477 femininam
488 3414 636 3478 iuclinaut
660 3404 856 3499 positidnem=
894 3411 1091 3500 α’ναοκοπή,
1118 3410 1222 3484 α’ντι·

113 3508 215 3600 κοπή,
237 3510 378 3599 α’ντονή,
399 3506 591 3602 οἷπουροπή,
613 3507 761 3604 διαδοχή,
783 3509 948 3603 ἐκδρομή,
971 3508 1124 3601 ἐπιτολή,
1145 3544 1222 3587 πα-

114 3608 283 3707 ρατροπή,
310 3615 510 3704 περιπλοκαί,
536 3610 702 3707 προδοκή,
730 3611 884 3705 συνκομή
910 3631 968 3685 etc.
999 3638 1073 3702 quae
1095 3619 1219 3684 decem·

114 3724 209 3807 posita
241 3741 307 3784 esse
335 3720 434 3804 arguit
463 3721 594 3784 deiectus
624 3720 800 3805 simplicium
831 3716 929 3810 λαγοί,
956 3714 1080 3811 δρυμοί,
1110 3719 1219 3809 πολή,

114 3818 208 3911 πολή.
236 3822 339 3906 Neque
358 3822 430 3887 mihi
452 3825 651 3908 exploratum,
674 3845 731 3908 que
753 3835 874 3897 auctore
894 3823 1111 3909 Leuicegraphi
1132 3825 1220 3890 affir-

114 3937 198 3988 ment
218 3922 410 4012 πρόδρομος
430 3925 507 3988 idem
528 3927 699 4012 significare
720 3927 797 4010 quod
817 3917 1012 4016 προδρομή,
1038 3928 1091 3991 sed
1112 3927 1217 3992 diver-

114 4045 164 4093 sas
193 4029 378 4093 currentium
405 4029 604 4108 directim,
637 4049 802 4111 excursus,
830 4050 1028 4117 praecursus,
1056 4050 1218 4110 cccmus,
