2534 4492
107 115 179 183 dle
455 108 771 179 nlssultTfflo
799 111 857 178 Vl.

109 297 217 363 similia
238 296 317 359 lacta
338 303 410 358 sunt
436 293 475 356 cf.
499 293 535 361 de
561 291 722 376 Conjunct.
745 314 775 375 p.
800 291 882 370 500,
904 292 958 360 21.
983 293 1071 379 Synt.
1094 292 1148 357 lV.
1175 293 1207 369 2,

108 397 181 463 336.
207 397 264 460 Sed
286 397 439 479 quaeritur
460 407 601 460 accentus
624 395 787 459 verbalium
809 416 924 471 eorum,
949 417 1024 478 quae
1046 395 1138 479 sigma
1159 388 1211 468 ads

104 503 241 586 junctum
266 499 375 564 babent
397 521 458 562 non
481 519 498 561 e
520 497 719 561 declinatione
745 499 797 560 sed
819 499 1008 561 extrinsecus
1016 524 1027 572 ;
1058 497 1216 570 mamilla,

109 623 232 686 quorum
255 621 397 684 praesens
419 582 524 665 inem
543 599 593 663 vel
615 584 664 678 §br-
681 600 872 676 terminatur,
895 612 983 664 extra
1003 599 1099 663 aleam
1116 599 1216 683 posia

108 714 191 779 sunt,
214 698 377 790 πλάστης,
404 702 554 788 κτίστης,
571 701 967 791 μεσσηγυὸορποχέστης,
989 701 1214 791 χρυσοχέστης

109 830 141 870 v.
166 807 267 870 Reisk.
291 808 328 870 ad
351 806 506 870 Constant.
533 827 563 888 p.
589 802 902 892 7432dvotpcuocaic,
926 801 1078 895 ἐριστής,
1099 801 1216 890 cippo·

108 905 199 994 στής,
223 904 431 997 γογγυστής,
453 926 511 990 quo
533 908 565 970 in
586 929 698 992 genere
720 929 788 972 rara
812 920 859 973 est
879 909 1069 972 librariorum
1089 907 1211 971 vacilla-

108 1013 204 1097 tio⁷²)
227 1033 283 1076 nec
311 1011 407 1073 refert
432 1009 578 1093 simplicia
606 1011 667 1074 sint
696 1031 734 1073 an
768 1010 932 1093 composita
964 1005 1208 1098 ἅρχιὸικαστής,

85 1103 431 1202 4μετεωροσοφιστηί·,
454 1108 741 1199 φιληλιαστήςᾞ),
767 1105 1047 1201 χαλκοκορυστής.
1091 1111 1212 1197 Apollo·

108 1217 176 1281 nius
197 1216 313 1298 quidem
336 1215 373 1277 dc
395 1215 470 1279 Adv.
493 1215 515 1277 l.
543 1236 571 1277 c.
605 1215 662 1278 etsi
691 1216 779 1279 unius
808 1225 923 1279 tautum
953 1215 1074 1300 generis
1108 1236 1211 1278 exem.

107 1319 163 1403 plis
185 1319 292 1392 utitur,
316 1329 416 1382 tamen
438 1317 473 1380 de
500 1316 668 1385 verbalibus
691 1319 833 1383 universe
862 1319 970 1383 edicit:
995 1316 1037 1384 cci
1063 1321 1110 1392 εἰς
1129 1304 1210 1402 3τῇ

107 1413 291 1507 (inploranti,
313 1417 370 1488 ὅτε
392 1421 484 1488 ἐστὶν
501 1417 586 1506 ὑπὲρ
608 1413 667 1486 ‹lv'o
692 1414 874 1509 συλλαβάς,
896 1413 1058 1505 ὀξύνεται,
1080 1422 1213 1487 εἰλαπι-

107 1517 246 1606 ναστής,
273 1518 452 1610 λιθαστής,
474 1515 646 1610 deponeris.
691 1526 789 1609 Atque
818 1525 894 1589 banc
923 1524 1057 1609 regulam
1079 1545 1210 1608 sequun-

106 1635 156 1688 tur
177 1620 352 1712 γελαστής,
374 1619 531 1713 ἐραστής,
547 1625 770 1712 deprecareris,
794 1623 987 1714 δαμαστής,
1012 1624 1212 1712 innodatam

109 1721 200 1814 στής,
225 1753 300 1814 quae
323 1751 410 1793 nemo
427 1730 463 1793 ad
477 1722 612 1816 θωμάζω
629 1732 754 1806 referet,
775 1722 925 1815 ἐλαστής,
949 1721 1089 1816 α’λεστής
1110 1729 1208 1795 Gloss.

108 1831 162 1895 Gr.
186 1832 252 1895 Lat.
278 1825 453 1919 τελεστής,
478 1828 629 1918 ἐδεστής,
652 1830 813 1919 α’κεστής,
837 1828 1019 1918 κηδεστής,
1043 1833 1216 1918 neopoleo-

109 1927 201 2018 στής,
226 1956 351 2018 quorum
374 1936 457 2017 copia
478 1935 544 1997 sine
567 1933 654 1996 dubio
678 1944 758 1996 esset
772 1935 879 2016 major,
901 1935 959 1997 nisi
974 1937 1226 2018 praevaluissent

107 2034 229 2098 nomina
244 2035 351 2096 tertiae
368 2034 585 2114 declinationis,
607 2025 790 2117 vsaneocp'p,
813 2027 969 2121 οἲρεστήρ,
987 2029 1139 2123 α’ρυστήρ
1152 2050 1217 2103 eto.

109 2137 167 2200 Sed
188 2135 380 2218 refragantur
408 2129 549 2221 οἷκέστης
577 2135 610 2198 in
640 2135 724 2199 codd.
748 2136 898 2223 Lycopbr.
923 2137 1017 2203 1053.
1047 2151 1078 2204 et
1107 2136 1228 2208 dorbi-.-

107 2262 188 2327 στης
208 2237 317 2303 Aeseb.
341 2238 401 2321 Ag.
424 2235 455 2301 6.
480 2238 556 2301 Plat.
582 2238 675 2323 Gnog.
699 2261 729 2323 p.
754 2238 828 2303 524.
851 2238 979 2305 Abistot.
1004 2242 1220 2307 Nicom.Vlll.

109 2342 161 2407 16.
188 2364 217 2428 p.
244 2339 339 2416 1163,
363 2338 416 2404 35.
441 2351 543 2423 totque
565 2339 633 2405 aliis
661 2342 735 2405 loeis
757 2353 791 2406 ut
812 2343 866 2405 vix
888 2342 978 2404 evelli
999 2362 1088 2426 posse
1110 2344 1219 2411 videa·

107 2457 169 2522 tur,
193 2446 280 2530 idque
303 2443 359 2507 hoc
380 2443 563 2520 mirabilius,
586 2445 663 2530 quod
685 2443 884 2508 Grammatici.
904 2464 983 2519 non,
1013 2445 1092 2507 unde
1127 2468 1221 2530 opor·

107 2550 201 2625 lebat,
225 2547 281 2612 bno
304 2558 352 2611 est
372 2568 390 2610 a
412 2542 575 2632 δύναμαι,
599 2559 767 2622 arcessunt,
791 2547 843 2610 sed
865 2567 883 2609 a
904 2537 1033 2626 dercilo
1057 2568 1089 2610 v.
1109 2547 1209 2634 Etym.

107 2651 149 2713 M.
173 2671 200 2712 s.
226 2648 256 2711 b.
280 2672 312 2712 v.
335 2650 421 2711 Eust.
446 2669 475 2729 p.
504 2646 599 2722 1538,
624 2647 677 2713 59.
720 2650 778 2712 Sed
798 2648 946 2733 θτὲστης
969 2645 988 2713 o‘
1010 2645 1123 2726 doddo}
1144 2673 1211 2736 pan-¹

115 2855 322 2867 -.--—-

178 2951 220 3019 72)
238 2953 375 3020 Pcrpcram
389 2953 526 3020 aliquoties
536 2946 725 3024 μεταφραστῆτ
737 2955 860 3006 scribitur
874 2963 904 3006 ut
917 2951 1126 3024 reapoppaorp's,
1144 2957 1213 3022 quod

108 3040 212 3090 antius
225 3040 257 3090 od
271 3038 379 3104 Gregor.
397 3057 422 3106 p.
438 3040 480 3092 81.
503 3046 598 3090 temere
620 3056 676 3091 cum
692 3032 821 3109 δικαστής
835 3041 975 3107 componit,
996 3056 1042 3091 nec
1062 3049 1131 3092 recte
1149 3037 1214 3093 dra-

108 3123 217 3194 σωστὴς,
232 3127 281 3176 nisi
296 3125 362 3176 forte
375 3126 428 3177 iota
442 3125 585 3193 subscripto
599 3134 628 3177 ut
640 3121 744 3198 λῃστής,
758 3119 953 3194 θυμοραϊστής,
969 3127 1036 3193 quod
1048 3142 1125 3193 quum
1133 3125 1214 3177 Glau-

110 3226 155 3261 cus
172 3211 198 3261 in
214 3219 325 3278 quatuor
338 3212 503 3263 contraheret
515 3213 639 3281 syllabas,
660 3213 722 3279 quia
732 3211 827 3281 ῥαΐσαι
840 3212 937 3262 dicitur
957 3228 1006 3263 non
1019 3211 1124 3278 ῥαΐσαι,
1143 3220 1213 3263 recte

107 3294 263 3366 βαρυτόνωτ
280 3299 384 3365 scripsit
404 3314 430 3350 v.
448 3297 531 3350 Scbol.
546 3299 576 3350 ll.
588 3301 631 3351 Π.
650 3300 710 3350 414.
730 3297 798 3348 sicut
814 3298 945 3349 nokkerus
960 3299 1069 3350 Aristot.
1091 3299 1123 3351 Η.
1144 3299 1211 3350 Ana

109 3383 141 3436 V.
157 3384 199 3437 31.
215 3401 240 3452 p.
258 3383 316 3447 557,
334 3386 374 3438 18.
396 3387 568 3452 κυνοραϊσταί
580 3385 692 3435 mutavit
707 3384 733 3434 in
746 3384 945 3453 κυνορῥαῖσται,
962 3381 1214 3453 0151115οοῖ6ρΜ-

110 3487 181 3538 στητ,
199 3471 386 3542 βοορῥαίστητ.
409 3472 545 3524 contrario
561 3471 626 3522 vitio
641 3470 758 3521 affectum
770 3476 811 3520 cst
824 3464 1027 3537 sidorprProol.
1042 3469 1180 3536 Hymn.V.
1190 3471 1212 3523 l.

177 3572 221 3635 73)
241 3574 304 3626 Cum
316 3578 363 3627 boc
379 3584 405 3629 et
418 3576 553 3638 similibus,
573 3589 681 3643 quorum
695 3580 815 3624 accentus
835 3573 902 3629 fisus
915 3581 973 3635 est,
992 3572 1165 3624 Sdbneidcrus
1182 3575 1215 3625 ad

108 3659 175 3711 Plat.
192 3660 249 3712 Civ.
272 3661 302 3712 Τ.
317 3662 359 3714 111.
374 3664 417 3719 23.
436 3663 521 3712 minus
535 3668 605 3711 reetc
621 3659 747 3725 componit
761 3653 960 3726 φιλαναλωτῆτ,
989 3659 1054 3724 quod
1072 3658 1216 3711 acuendum

110 3755 159 3812 cst,
175 3748 197 3798 si
212 3749 355 3814 praesentis
373 3748 470 3799 vocalis
486 3747 626 3813 penultima
640 3746 673 3796 ad
684 3745 889 3796 terminationem
895 3743 1012 3811 Tpertinet
1025 3752 1055 3794 ut
1067 3737 1214 3814 χρυσωτῆτ,

110 3835 267 3894 merendum
278 3852 338 3886 vcro
352 3834 374 3884 si
392 3833 473 3900 stirpe
489 3832 563 3882 verbi
582 3832 728 3883 continetur
747 3839 778 3882 ut
795 3829 893 3900 rroirpe·
924 3829 974 3880 Sed
994 3830 1112 3896 praefero
1130 3833 1214 3898 prius,

110 3912 219 3971 atvalto
234 3928 262 3972 et
276 3916 410 3975 ἅναλίσκω
427 3934 460 3969 ex
469 3903 511 3971 'ol
522 3919 690 3985 procrevisse.
716 3910 964 3982 ‘Olnedomvroisps
982 3917 1062 3969 idest
1076 3908 1218 3998 uolpoirrps

111 4000 179 4066 (ital.
194 4005 332 4071 calfatnro)
345 4006 371 4057 in
385 4005 497 4057 carmine
508 4006 603 4058 Anecd.
623 4021 647 4072 p.
665 4003 742 4058 loeo.
759 4010 834 4057 acuto
848 4002 985 4054 finiendum
1000 4011 1040 4055 est
1057 4011 1154 4055 tenore.
