2534 4492
112 162 185 233 558
473 154 792 237 ,ΒίὸδΕΒΤΑΉΟ
821 156 860 225 ·V.

113 345 241 410 bendum
262 350 330 405 erat
347 362 370 409 u
404 335 546 417 ἰκέϊνσς,
574 333 766 417 πτελὲϊνσς,
790 338 816 402 si
838 339 875 400 eb
905 331 1010 404 σέκτὲιι
1040 337 1107 402 sive
1135 331 1223 426 σῖιιαῆ

111 447 292 522 duceretur3
319 463 484 527 quanquam
505 430 657 514 λσυκινσς
679 441 756 523 apud
775 439 956 526 Hesperium
978 440 1090 524 legitur
1103 432 1224 511 aMo-

113 547 238 639 σχαλᾷν
259 559 289 611 et
311 547 428 632 saepius
450 542 608 631 κριὲνινσς
627 565 659 606 v.
683 542 852 608 Tzsuhuok.
876 544 913 606 ad
931 543 1029 607 Strab.
1046 541 1117 607 Xll.
1145 543 1220 623 197.

110 674 165 740 pro
186 650 365 730 λιυκέὶνσς,
387 647 573 735 κρανέϊνος.
614 645 770 713 Postremo
803 667 870 709 eum
892 646 1073 713 substantivi
1094 659 1221 713 aduentu

110 749 197 842 σ’ἶιιση
218 753 302 818 Paul.
326 752 401 836 Aeg.
426 749 493 814 Vll.
517 747 551 825 3,
572 746 705 839 229111
726 747 801 813 239.
828 747 935 813 Galen.
960 749 996 813 de
1013 749 1093 813 Med.
1112 749 1216 835 Simpl.

111 859 183 922 Fae.
207 857 258 921 Vl.
282 855 336 930 21,
358 852 434 921 820.
459 852 496 915 Τ.
511 850 568 917 ΧΙ.
593 872 718 935 quorum
741 852 935 935 quodcunque
957 850 1143 935 probabitur,
1164 874 1218 917 no·

112 982 221 1027 mena
247 957 409 1041 fragilitate
437 955 557 1018 dnetnm
585 957 708 1037 esse-²¹)
736 954 899 1040 persuadet
923 955 1073 1023 Budaeus.
1116 957 1162 1022 dle
1189 959 1216 1022 si

112 1064 177 1148 quis
198 1063 271 1127 adeo
293 1067 406 1125 statuat
433 1057 469 1120 de
497 1078 557 1120 uua
578 1057 671 1142 stirpe
697 1056 759 1118 duo
788 1057 928 1121 extitisse
955 1079 1120 1144 parouyma
1148 1062 1217 1125 sub·

110 1165 233 1232 atandri
257 1160 390 1247 generis,
414 1180 505 1223 uuum
525 1157 644 1246 μαλίς,
667 1159 795 1223 alterum
816 1159 946 1246 μαλέα,
970 1171 1001 1223 et
1023 1160 1078 1224 hoo
1099 1162 1216 1245 quidem

111 1270 214 1335 eodem
236 1264 323 1327 modo
344 1263 504 1347 figuratum
526 1284 583 1347 quo
604 1256 717 1350 γενεά,
740 1258 859 1348 δωρεαί,
883 1255 977 1346 ἐρεσί,
1000 1284 1103 1342 eavea,
1127 1267 1216 1331 vinea

112 1369 257 1453 solean),
288 1365 423 1450 equidem
444 1387 492 1429 me
514 1387 577 1429 nou
598 1366 798 1450 interponam,
822 1366 875 1428 sed
903 1365 975 1428 illue
997 1374 1098 1433 mmeu
1120 1370 1214 1453 magis

109 1471 292 1558 propendeo,
315 1489 356 1530 ex
378 1468 490 1532 duobus
513 1469 669 1553 adjectivis
690 1462 834 1553 μήλινος
855 1478 888 1530 ot
907 1464 1032 1554 μὴλσὸς
1052 1468 1101 1555 (ut
1123 1463 1214 1558 adda-

108 1578 170 1649 νος
191 1584 222 1637 et
243 1566 370 1662 ρόιλεσς)
392 1572 540 1654 posterius
561 1571 614 1635 uui
643 1571 748 1654 generi
776 1570 920 1634 feminino
943 1571 1116 1636 adstrictum
1148 1596 1215 1659 pro·

109 1675 234 1765 prieque
255 1672 355 1739 arbori
376 1673 529 1741 maliferae
551 1674 714 1756 appositum
738 1694 817 1747 esse,
841 1673 977 1757 idemque
999 1674 1133 1762 ιμηλίς
1150 1689 1215 1745 tan·

55 1865 58 1871 ¹
110 1791 174 1846 tum
196 1778 329 1857 differre,
352 1787 494 1859 quantum
514 1795 532 1838 a
555 1773 669 1862 νεβρίς
685 1775 803 1863 ereptori,
824 1776 860 1840 ab
879 1774 967 1863 αἰγίς
989 1777 1081 1864 adyti.
1124 1781 1216 1847 Nam·

111 1904 167 1968 qne
189 1882 249 1945 illis
272 1878 440 1945 nominibus
462 1878 671 1962 significantur
691 1878 819 1942 amieria
846 1879 1004 1963 praecipue
1025 1901 1112 1946 saura
1141 1883 1216 1946 divi·

111 2004 220 2068 uaque,
244 1982 291 2044 his
313 1980 482 2065 quotidiana
508 1991 540 2044 et
561 1980 741 2061 domestica3
773 2001 870 2064 neque
891 1982 964 2054 satis
986 1982 1126 2048 distinete
1148 1985 1214 2050 Pol·
1247 1974 1249 1978 ¹

111 2086 167 2150 lux
188 2083 226 2148 V.
253 2081 304 2146 16.
329 2080 412 2167 λυκῆ
435 2078 532 2167 ἦτοι]
554 2077 658 2148 λύκου
675 2082 732 2149 καλ
750 2084 874 2173 μοσχῆ,
894 2084 1028 2170 λεοντῆ,
1044 2085 1214 2174 παρδαλῆ,

110 2186 210 2273 κυνῆ·
236 2182 311 2272 ἦιλὲ
325 2183 393 2270 σῆς
410 2176 538 2269 ἐλάφου
552 2182 666 2272 nepeta
686 2182 729 2259 oia
750 2185 811 2271 τῆς
823 2181 917 2275 αἰγός
932 2186 1030 2274 αἰγίς·
1047 2189 1217 2265 distinotius

110 2312 185 2355 vero
194 2289 361 2353 Herodotus
372 2286 423 2352 lV.
435 2286 507 2353 189.
526 2288 640 2375 αἰγέας
654 2283 917 2377 περιβάλλονται
932 2295 969 2358 αἱ
980 2288 1164 2377 Λίβυσσαι·
1181 2297 1217 2359 ἐκ

111 2391 147 2461 δὲ
165 2392 236 2459 τῶν
257 2389 380 2479 αἰγέων
401 2386 534 2456 τούτων
557 2389 688 2479 αἰγίδας
710 2388 980 2479 μετωνόμασαν,
1003 2413 1043 2457 ex
1065 2414 1124 2475 qno
1149 2394 1217 2460 elu-

111 2506 172 2572 oet,
195 2494 251 2559 hae
274 2494 490 2559 metonomasin
512 2516 573 2559 non
595 2492 691 2559 solum
713 2495 838 2578 figuram
861 2495 1017 2580 eloquendi
1038 2495 1217 2564 matarised

16 2612 18 2619 '
106 2619 244 2663 sensum.
290 2597 335 2661 De
357 2609 459 2662 uenero
482 2599 621 2662 arborum
643 2609 674 2661 et
695 2598 816 2681 pellium
843 2597 988 2663 voeabula
1009 2610 1135 2662 eatenus
1157 2599 1216 2663 dis·

113 2709 255 2782 orepant,
288 2700 364 2782 quod
393 2699 465 2762 haee
490 2711 610 2782 praeter
639 2694 743 2784 α’ρνέα
773 2698 815 2782 (ei
840 2697 1008 2761 Herodiano
1038 2699 1111 2764 fides
1141 2723 1215 2766 oon-

112 2811 174 2864 stat
194 2799 302 2863 Philet.
326 2821 355 2883 p.
376 2799 467 2884 445.)
495 2801 713 2868 contrahuntur
741 2799 859 2877 omnia,
888 2798 1008 2865 illorum
1039 2801 1099 2865 alia
1126 2802 1216 2868 aliam

112 2912 279 2986 sequuntur
299 2899 451 2984 regulam,
474 2903 606 2989 μηλέα,
635 2902 739 2990 συκῆ,
770 2924 895 2987 quornm
917 2914 1017 2995 tamen
1036 2905 1214 2981 accusativi,

111 3002 251 3091 proptiae,
273 3003 411 3085 συκέας,
445 3008 522 3091 apud
543 3008 704 3071 Homerum
733 3007 847 3091 pariter
874 3006 1010 3092 disyllabi
1038 3019 1127 3088 sunt3
1159 3029 1216 3072 neo

25 3158 28 3163 Α
114 3106 212 3190 legem
235 3118 358 3170 servant
386 3110 585 3190 posteriores:
616 3109 789 3199 παρδαλέα
811 3109 910 3173 Strab.
934 3108 1017 3173 Xlll.
1042 3107 1116 3174 608.
1140 3110 1213 3174 XV.

114 3207 189 3274 705.
211 3207 333 3297 τραγέα
356 3209 506 3296 Theophr.
530 3214 567 3277 de
590 3212 680 3279 odor.
704 3210 765 3287 89,
790 3210 864 3277 753.
889 3211 991 3278 συκέα
1011 3212 1123 3275 Athen.
1147 3211 1214 3276 Vll.

115 3398 322 3410 *au——

124 3550 127 3555 -
182 3513 227 3578 21)
245 3515 387 3585 llespohius
403 3513 493 3573 Ἰκτέα
508 3511 637 3574 ἀκόντιον
651 3536 696 3588 pro
709 3515 800 3581 derra,
817 3518 985 3584 prodendam
999 3518 1072 3589 modo
1090 3520 1218 3587 interpra-

114 3605 186 3652 tetur
203 3595 275 3668 δόρυ,
292 3595 395 3671 κᾶμαξ.
429 3605 525 3657 Auecd.
545 3622 571 3673 p.
584 3606 646 3659 375.
665 3606 721 3659 ἔστι
738 3602 846 3674 δένδρον
858 3599 934 3675 elueri,
946 3599 993 3675 uini
1006 3596 1036 3656 nri
1049 3600 1084 3657 τσί
1098 3599 1220 3662 indutio

115 3690 250 3753 τέμνεται.

183 3789 229 3856 22)
246 3791 377 3843 Aeolicum
394 3787 515 3844 talama
529 3791 599 3860 πρὸς
617 3783 772 3860 καττῦμασι
790 3791 912 3865 δέρματα
936 3793 1039 3861 apponit
1056 3792 1218 3862 Hesychius3

115 3874 186 3926 solea
203 3884 289 3929 antem
308 3878 405 3929 dieitur
422 3891 438 3927 a
455 3878 539 3943 solue,
558 3869 634 3941 iilos,
653 3879 728 3944 eujus
750 3890 871 3933 neutrum
888 3880 975 3932 solum
998 3879 1064 3931 idem
1086 3888 1129 3932 est
1152 3883 1221 3948 quod

116 3959 276 4015 fulmentum.
311 3964 335 4016 A
358 3964 439 4014 buooa
462 3964 624 4017 denominata
648 3971 689 4016 est
710 3966 806 4019 bneoea
830 3967 848 4017 i.
868 3981 893 4033 q.
914 3964 1037 4027 ἔνθεσιν,
1062 3976 1090 4020 et
1106 3968 1221 4023 fortasse

116 4046 222 4099 buooina
238 4046 350 4117 βσκιῖνη,
369 4064 478 4115 qnorum
494 4050 566 4115 origo
583 4058 624 4102 est
640 4043 707 4123 βόα.
