2534 4492
281 161 340 230 nn
363 156 543 228 nicene
564 156 915 231 urruenouren.
942 167 969 253 ς.
994 164 1026 233 t.
1110 158 1181 237 utu

87 339 240 434 φοβοροίν
265 337 348 432 ὅφιν
368 338 589 431 προσιδέσθαι
606 340 716 407 desole.
741 342 824 408 Pers.
843 344 895 411 48.
918 344 1069 436 ὁρῶντας
1085 338 1182 436 ὄφεις

86 448 131 522 ἅς
149 442 308 533 o‘p'deooco‘
332 446 408 520 νέος
427 443 489 532 ὁρᾷ
511 445 569 512 ναί
596 436 713 511 decdo
733 449 967 532 πραττομένας
989 450 1062 516 Plet.
1086 450 1180 536 [περ.

85 549 130 612 x.
155 531 288 612 een'n.
311 549 412 632 tuque
433 548 507 611 tnui
526 546 686 634 μιαρὸς
706 547 796 613 σοι
821 545 905 614 toto
919 552 962 613 οι
979 552 1181 636 accipientum

78 661 122 713 ut
141 651 266 714 Aristot.
297 651 333 714 ll.
362 649 441 712 Anu.
472 647 523 713 lV.
552 644 590 728 8,
621 647 672 719 13.
700 641 963 737 ὀσφραινόμενοι
988 653 1048 739 τῆς
1072 651 1183 741 ὀσμῆς

80 740 210 819 ὀιιίτολνζ
256 752 314 815 Sed
340 751 504 835 quaeritur,
532 772 603 814 nuru
632 750 693 816 illis
714 752 883 816 nominibus
911 762 974 816 tum
1000 776 1116 841 qnoque
1136 756 1182 820 uti

83 852 176 917 liceat
200 848 250 915 ub'i
272 853 347 936 ipsa,
372 863 405 917 ut
427 853 569 916 Matthiae
590 864 699 929 vocat,
731 853 808 918 ectio
837 853 957 917 videndi
987 855 1179 937 significatur.

80 953 118 1018 ld
139 946 270 1018 alienum
299 954 415 1037 quidem
444 955 480 1017 ab
503 954 671 1038 Euripidis,
700 974 757 1038 quo
786 956 822 1019 de
844 956 928 1040 agit,
960 956 1044 1030 loco,
1073 956 1183 1045 quinci

79 1050 245 1142 πικρότης
276 1076 336 1119 non
364 1056 445 1120 inest
469 1057 501 1119 in
527 1057 595 1120 visu
629 1058 695 1121 sive
723 1058 874 1142 spectione
904 1058 956 1121 sed
984 1057 1017 1121 in
1038 1078 1085 1132 re,
1108 1078 1183 1141 queo

83 1158 284 1241 conspicitur3
299 1159 449 1222 'convenit
466 1179 541 1223 vero
560 1160 593 1223 in
614 1159 742 1223 alterum
764 1153 883 1228 idotioo'
905 1186 942 1226 oe
960 1156 1183 1245 πανυστάτην

83 1252 274 1345 πρόςοψιν,
306 1254 389 1344 cnjus
417 1254 455 1323 ed
474 1261 643 1345 exemplum
671 1282 732 1325 non
752 1282 862 1327 verear
884 1264 984 1327 dicere
1012 1255 1125 1350 ὀρθήν
1147 1282 1185 1327 σο

82 1359 251 1450 πρόςοφιν
271 1363 468 1450 προςβλίπω
491 1384 545 1448 pro
568 1359 688 1448 ὀρθοῖς
712 1376 786 1436 τοῖς
801 1354 1018 1449 Ιὀφθαλμοῖς.
1059 1365 1184 1429 Testem

85 1466 175 1551 hujus
189 1466 420 1529 constructionis
433 1468 569 1550 prolerre
591 1486 651 1527 non
674 1465 778 1539 habeo,
795 1466 847 1528 scd
863 1462 1084 1530 similitudinem
1098 1487 1184 1550 prac-

84 1569 157 1630 bent
177 1569 268 1631 verba
290 1567 459 1630 affectuum.
486 1566 605 1630 Etenim
628 1566 674 1628 lris
696 1586 810 1650 quoquc
831 1567 880 1650 qui
902 1569 1073 1653 adjungitur
1095 1588 1183 1633 cesus

82 1688 227 1753 persaepe
256 1669 426 1754 ambiguum
457 1680 523 1748 est,
559 1679 712 1732 notumne
740 1668 832 1732 animi
865 1668 1040 1734 intestinum
1062 1671 1184 1734 denotet

83 1791 124 1834 an
143 1792 220 1845 rem,
245 1792 301 1855 que
323 1772 350 1835 is
372 1773 523 1837 excitatns
545 1782 592 1835 est
612 1780 721 1834 motus.
744 1770 882 1854 Exempli
898 1792 988 1835 cause
1003 1769 1184 1845 ιλίοςοῖδιὲς

81 1871 227 1940 δεδιέναι
244 1873 324 1937 'Plat
349 1875 448 1960 Symp.
474 1871 546 1938 198.
569 1873 607 1936 Α.
632 1869 731 1941 κενὸν
751 1866 863 1960 φόβον
879 1868 1058 1952 πτώσσειν,
1080 1871 1184 1940 dedoc-

69 1974 195 2055 -ιιὲναι,
226 1979 413 2064 φοβεῖσθαι
442 1968 563 2062 Oppiun.
598 1975 664 2039 Hal.
699 1974 749 2040 lv.
774 1974 846 2040 590.
875 1977 948 2040 Eur.
980 1975 1079 2060 Suppl.
1107 1973 1181 2040 548.

81 2076 296 2142 Ernodlllil't.
321 2081 408 2143 etde
429 2080 537 2143 timore
558 2078 687 2163 intelligi
709 2088 808 2162 potest
828 2090 859 2144 et
876 2081 912 2143 de
924 2079 1182 2158 terriculamento,

82 2202 154 2245 nem
178 2178 283 2264 φόβος
305 2181 337 2240 in
359 2190 649 2259 utramquepartem
678 2181 796 2244 dicitur.
840 2182 905 2245 Jam
932 2204 1006 2247 vero
1034 2182 1066 2245 in
1094 2202 1184 2266 quac·

83 2283 214 2345 stioncm
236 2278 332 2358 venit,
355 2298 426 2341 num
450 2276 557 2338 Graeci
578 2277 620 2337 ita
641 2276 755 2358 loquuti
776 2279 838 2339 sint
858 2281 957 2343 κενὸν
985 2279 1097 2365 φόβον
1118 2278 1183 2348 αὐ-

78 2378 146 2448 τὸν
167 2380 343 2468 φοβοῦμαι
350 2379 484 2464 fnestra
505 2397 571 2438 eum
595 2377 702 2450 λίνοιο,
732 2378 782 2440 vel
816 2397 882 2439 cnm
910 2380 1043 2462 genitivo
1071 2373 1183 2466 φόβον

80 2480 191 2552 αὑτοῦ
208 2484 397 2569 φοβοῦμαι.
442 2479 529 2544 Prius
556 2477 613 2541 dici
634 2498 720 2562 posse
742 2478 915 2541 adducimur
935 2478 1087 2542 vocabulis
1109 2482 1184 2544 alio-

80 2608 151 2653 rum
172 2585 350 2659 affectuum,
374 2582 458 2670 φιλῶ
477 2601 541 2666 μιν
560 2577 729 2666 παντοίην
751 2576 931 2667 φιλότητα,
957 2573 1123 2645 τοσοῦτόν
1146 2604 1184 2647 σο

81 2695 187 2779 ἔχθος
214 2685 360 2777 ἐχθαίρω
393 2707 424 2749 v.
454 2682 591 2747 Boisson.
622 2683 659 2746 ad
679 2683 831 2747 Aristacn.
860 2705 889 2768 p.
913 2679 986 2748 528.
1009 2681 1104 2748 ίλεον
1119 2678 1184 2750 cti·

81 2790 164 2864 τούς
181 2781 351 2874 οἷνόνρτον
376 2786 454 2853 ἐλεῶ
477 2785 586 2874 Syrtes.
610 2785 663 2871 Ep.
690 2784 780 2849 LVll.
806 2783 879 2850 197.
903 2785 941 2850 Α.
964 2786 1115 2870 ἔκπληξις
1137 2783 1183 2872 ἢν

82 2888 327 2979 ἐκπλήττονται
357 2895 391 2957 οἱ
416 2884 599 2973 ἅνθρωποι
625 2885 706 2961 codo
737 2885 781 2954 τιί
804 2883 938 2975 μονοίλα
969 2883 1184 2974 πράττοντας

83 2996 224 3061 Philostr.
250 2993 288 3058 V.
312 2992 401 3077 Soph.
425 2990 462 3054 ΙΙ,
485 2989 541 3065 25,
564 2988 638 3055 612.
660 2991 721 3076 τῆς
749 2988 873 3076 φιλίας,
895 2989 940 3076 ἣν
963 2989 1103 3077 ἐφίλουν
1118 2986 1184 3058 ad-

82 3091 144 3166 τόν
172 3098 294 3163 Aristid.
328 3096 378 3159 Or.
408 3092 477 3157 Xll.
503 3090 555 3157 89.
579 3092 613 3156 T.
638 3091 662 3154 l.
697 3092 870 3156 Genitivum
897 3104 996 3157 autem
1025 3095 1070 3158 rei
1097 3094 1182 3157 nullo

83 3203 172 3267 modo
188 3181 302 3264 admitti
316 3218 403 3283 posse
418 3196 560 3271 arbitror,
574 3195 639 3258 sivo
663 3194 781 3258 additur
801 3195 987 3259 substantivo
1003 3197 1181 3282 adjectivum

83 3290 149 3370 sire
170 3304 266 3378 deest,
290 3301 349 3364 nisi
370 3300 412 3362 ita
436 3309 550 3362 mutata
571 3296 800 3380 significatione,
824 3307 859 3360 nt
879 3297 1005 3382 genitivi
1029 3298 1061 3361 in
1083 3298 1180 3360 locum

73 3407 208 3491 'supponi
228 3403 322 3489 possit
342 3401 533 3486 adjectivum,
565 3410 599 3462 nt
626 3399 659 3463 in
684 3399 842 3481 proverbio
870 3400 945 3484 quod
978 3398 1075 3464 Schol.
1106 3399 1181 3466 Eur.

82 3510 137 3572 Or.
159 3530 190 3572 v.
213 3504 246 3572 6.
269 3504 366 3583 affert,
393 3499 574 3571 Ταντάλου
593 3495 705 3589 φόβον
729 3503 923 3589 φοβοῦμαι,
947 3503 1067 3566 minime
1088 3502 1181 3587 signi·

81 3611 192 3676 fleatur
200 3607 357 3672 Tantalum
379 3605 480 3682 timeo,
504 3605 556 3669 sed
572 3605 661 3668 timeo
673 3604 703 3667 id
720 3604 948 3688 quodTantalns
969 3605 1180 3689 pertimescere

82 3712 193 3776 dicitur
213 3713 278 3776 sive
298 3706 451 3772 Tantalico
473 3707 596 3791 quodam
617 3707 726 3770 timore
747 3726 852 3791 angor.
897 3707 931 3770 ln
952 3707 1005 3791 Ep.
1030 3706 1110 3770 Petri
1127 3701 1178 3766 lll.

80 3814 134 3880 14.
158 3813 219 3881 τόν
241 3805 351 3901 φόβον
368 3804 482 3877 αὐτῶν
505 3806 555 3895 μή
582 3808 775 3897 φοβηθῆτε,
802 3811 1054 3873 comodamente
1075 3825 1180 3868 eorum

77 3938 119 3982 ne
140 3916 373 3989 οισιίοιοοοαιλος
396 3911 484 3996 Soph.
510 3911 585 3975 Phil.
611 3911 703 3978 1251.
723 3910 784 3979 τὸν
800 3908 860 3978 odo
873 3906 914 3977 οιί
928 3907 1042 3993 ταρβῶ
1056 3900 1180 3995 φόβον,

76 4020 117 4085 att
135 4018 224 4107 quod
253 4019 418 4082 uiuendum
440 4034 508 4079 esce
528 4014 609 4079 dicct
628 4037 691 4080 noo
707 4018 907 4102 pertimesco,
931 4010 1014 4095 cujus
1035 4008 1073 4074 ed
1098 4009 1180 4076 simi·
