2534 4492
117 167 188 235 ssd
473 157 786 227 ntssuudurlo
814 159 869 223 V..

115 346 199 410 Suid.
226 356 258 409 et
279 342 382 407 eodem
402 342 489 405 modo
510 334 639 425 ἄφοδος
662 335 843 424 coccium),
863 331 944 427 χολή
966 332 1147 423 ταορείαῆ
1159 334 1221 425 οἷρ-

115 446 200 528 usic,
215 443 322 514 αοτιά
335 442 483 532 copiosior,
503 434 616 515 κύστις
637 438 759 529 αἰγεία,
775 441 875 526 στέαρ
889 436 1096 507 οἷλαιτέιιειον
1111 439 1218 503 Galen.

115 551 218 613 Antid.
242 548 281 612 11.
304 547 338 625 9,
363 547 435 612 157.
461 543 513 622 14,
538 542 611 607 183.
635 543 710 627 Eup.
726 543 751 606 Ι.
774 542 806 619 3,
831 543 905 608 331.
930 542 967 605 11.
992 542 1025 618 2,
1047 541 1124 607 401.
1145 543 1222 605 mul-

116 653 213 736 tisque
239 651 306 715 aliis
328 650 413 725 locis,
437 668 562 732 quorum
584 645 684 709 nullus
706 647 830 710 formam
855 655 1039 711 contractam
1060 666 1130 719 cum
1153 645 1221 708 sub·

118 755 250 819 stautivo
275 756 409 839 junctam
439 748 562 812 exhibet
593 759 713 832 praeter
739 749 850 813 Athen.
881 747 909 812 V
913 794 921 810 .
952 745 1026 811 199.
1051 748 1090 810 Α.
1120 741 1223 820 οἷοκδς

118 861 154 922 ἐν
168 854 346 942 παρδαλῶν
366 848 543 936 δερμάτων
562 849 787 940 ἐρραμμένος,
809 841 1223 934 ιι1ιίοο1.11ρ.,ποιρδα’λοοιν

117 960 238 1044 praebet
258 978 331 1021 vcro
353 954 491 1039 propius3
514 954 567 1018 scd
588 954 737 1016 interdum
755 975 816 1017 uon
840 962 996 1016 contracta
1018 950 1154 1015 obsolute
1170 973 1223 1034 po·

116 1061 174 1125 sita
193 1059 344 1143 reperitur
365 1053 482 1123 κονεία
505 1047 607 1140 λοοκή
631 1054 738 1119 Galen.
763 1055 839 1139 Eup.
864 1055 888 1119 1.
911 1053 944 1134 9,
966 1051 1041 1117 361.
1067 1052 1119 1117 111.
1146 1051 1221 1117 517.

116 1162 151 1225 Τ.
179 1160 263 1227 XIV.
288 1156 425 1225 λοκείαν
447 1155 639 1225 ἐπιτίθεται
654 1157 766 1243 Polyb.
782 1157 834 1220 Vl.
849 1156 911 1236 22,
927 1155 960 1220 3.
983 1151 1138 1243 οἷαέδειρο
1151 1155 1223 1222 ποῖ.-

116 1280 182 1333 οαν
202 1261 267 1348 τήν
294 1256 521 1347 οἷνθρατιηΐην
548 1261 678 1324 licrodo.
703 1259 741 1323 V.
765 1259 866 1342 25³⁹)
893 1257 958 1344 τήν
981 1255 1098 1331 durior
1119 1257 1224 1327 ἐκδεί-

116 1391 178 1454 ρας
201 1363 323 1428 Bebrias
356 1363 462 1427 Suidne
494 1385 520 1427 s.
551 1357 672 1445 Ὀνεία,
700 1358 764 1447 τήν
789 1359 964 1429 decoctior
984 1346 1222 1450 rccprsflcilicso

116 1470 158 1532 ld.
181 1488 208 1531 s.
233 1462 421 1535 Λεοντειά.Ι
456 1466 536 1528 llaec
558 1464 650 1548 igitur
672 1465 836 1548 adjectiva,
860 1485 935 1547 quae
958 1465 1027 1548 quid
1049 1485 1166 1549 quoque
1188 1465 1220 1528 iu

117 1570 184 1634 loco
207 1568 387 1654 significent,
410 1569 611 1632 tautummodo
635 1587 675 1631 ex
696 1567 917 1631 contineutibus
945 1566 1073 1651 perspici
1105 1579 1219 1653 potest,

118 1672 249 1758 epitheta
280 1671 427 1735 defectiva
453 1671 600 1748 dixerim,
632 1669 779 1748 horest,
809 1690 828 1732 e
854 1667 1011 1753 complexu
1039 1671 1221 1745 substantivi

120 1865 328 1880 utm-

190 1966 234 2032 18)
252 1965 405 2019 Crocodilon
423 1966 570 2019 Freundius
590 1969 615 2018 iu
628 1967 692 2018 Lex.
708 1967 767 2018 Lat.
783 1967 886 2034 scripsit
898 1967 1040 2033 penultima
1051 1973 1170 2033 correpte
1182 1979 1224 2032 np-

118 2053 251 2119 posithue
268 2066 359 2114 praeco
370 2049 556 2116 ιιροιιοδειλέα,
581 2054 646 2119 quod
660 2053 830 2104 Schneiderus
850 2069 883 2103 cx
897 2051 987 2103 Galen.
1003 2053 1034 2102 de
1047 2050 1117 2102 Med.
1134 2051 1222 2119 Simpl.

118 2136 154 2188 X.
172 2138 215 2192 29.
231 2136 314 2187 affert.
335 2134 432 2187 Verum
447 2138 472 2187 id
486 2155 568 2205 neque
588 2141 635 2189 hoc
653 2138 707 2189 loco
726 2140 821 2204 legitur
834 2154 914 2205 noque
933 2137 962 2189 1..
980 2135 1013 2188 V.
1035 2138 1076 2190 18.
1094 2139 1139 2188 sed
1160 2155 1224 2203 ιιρο-

117 2219 238 2275 κοδείλου
250 2219 357 2289 κόπρον
370 2230 446 2273 vocnt
459 2229 488 2273 ut
502 2222 608 2276 Nonnus
621 2224 732 2276 cccxl.
748 2226 808 2281 295.
824 2225 929 2292 aliique.
966 2223 1131 2290 Adjectivum
1153 2222 1222 2274 lemi-

116 2309 176 2359 ninc
190 2307 323 2358 dicendum
336 2316 395 2360 erut
406 2305 597 2377 ιιροιιοδειλείοι,
616 2313 770 2363 crocodilea.

188 2410 232 2476 19)
249 2411 290 2462 Ex
300 2413 346 2462 boc
356 2428 406 2462 unc
418 2411 488 2463 scote
502 2414 591 2464 hausit
604 2415 733 2467 Polluxll.
747 2417 770 2466 5.
792 2415 912 2467 Ceterum
925 2416 951 2465 in
966 2405 1142 2481 οἷνδραπηΐη,
1159 2411 1224 2478 qnod

118 2499 160 2550 bic
180 2493 317 2565 ἐνθραιιῆ
333 2497 443 2559 scribit,
461 2499 548 2567 Etym.
563 2499 597 2552 bl.
615 2501 677 2563 257,
696 2500 740 2552 47.
758 2497 905 2570 ἀνθροιπὴ,
922 2497 1085 2550 consentiunt
1102 2496 1223 2548 Herodoti

117 2587 227 2645 codices,
251 2585 358 2636 variant
374 2599 437 2635 vero
454 2586 479 2635 in
498 2581 626 2655 α’μοβοέη
636 2624 644 2649 ,
662 2581 795 2654 ον’μοβοΐη,
814 2582 950 2656 α’μοβοιίρ
966 2584 1022 2636 th.
1043 2582 1086 2633 91.
1110 2590 1140 2633 ut
1157 2590 1183 2635 ct
1198 2583 1223 2632 in

117 2666 204 2736 ιιονεὴ,
223 2669 296 2735 κυνῆ,
317 2671 361 2718 sed
379 2670 492 2733 pluralia
510 2672 558 2720 sibi
577 2679 705 2731 constant,
724 2668 775 2723 coir
793 2667 894 2737 αἰγέας,
913 2665 963 2718 τοῖς
980 2663 1154 2732 α’λοιπειιέας,
1177 2662 1226 2721 coir

118 2749 275 2819 παρδαλέας
293 2759 339 2804 καὶ
358 2750 492 2806 λεοντέας.
515 2747 659 2822 Ἀνθραπή
680 2756 746 2822 opud
761 2753 857 2804 Suidnn
876 2768 897 2802 s.
918 2736 1014 2822 Σῗιφαρ
1033 2753 1159 2805 scribitur
1177 2769 1224 2804 om-

120 2839 214 2905 ninque
234 2836 330 2887 similis
348 2837 374 2886 in
392 2838 467 2889 libris
482 2841 651 2905 posteriorum
670 2843 825 2909 scriptorum
844 2844 975 2889 sennutur
992 2834 1101 2904 λεοντῆ,
1118 2835 1226 2904 παρδα-

120 2921 164 2992 λὴ,
182 2939 228 2975 ncc
246 2924 331 2973 minus
350 2917 430 2992 καλή,
448 2922 567 2994 σησαμῆ,
585 2923 668 2996 pand,
692 2921 848 2996 θνγοιτριδοὶ
867 2925 959 2977 Libnn.
980 2924 1051 2975 Dccl.
1069 2924 1102 2975 T.
1116 2923 1148 2976 11.
1167 2923 1223 2977 bii.

119 3004 271 3080 θυγατριδῆ
288 3009 397 3075 Appinn.
413 3008 469 3062 Civ.
487 3009 518 3061 V.
532 3010 574 3073 74,
588 3013 629 3067 23.
648 3019 679 3063 nt
691 3021 717 3064 et
737 3007 866 3081 ἀδελφιδῆ
887 3020 946 3063 unte
962 3011 1106 3062 bekkerum
1123 3010 1211 3075 legebo

120 3104 164 3148 tur
180 3097 205 3147 in
218 3095 290 3146 Deru.
306 3110 329 3144 c.
345 3094 440 3145 Leocb.
456 3113 480 3163 p.
498 3097 574 3157 1084,
596 3099 638 3152 22.
654 3106 680 3148 et
695 3095 774 3166 ἐρινά
785 3099 893 3149 Aristot.
909 3098 940 3147 ll.
955 3098 1004 3148 Ao.
1020 3094 1053 3148 V.
1072 3096 1114 3150 32-
1131 3112 1155 3163 p.
1167 3095 1213 3147 557

120 3185 163 3239 28.
185 3183 228 3232 ubi
253 3196 342 3247 purum
370 3182 472 3247 expedit
498 3182 647 3233 Schneideri
672 3185 849 3234 commentatio
874 3184 904 3234 T.
929 3182 970 3233 lll.
993 3182 1052 3234 393.
1079 3188 1106 3232 et
1131 3182 1220 3246 legitur

121 3269 267 3318 etiamnunc
286 3268 318 3317 in·
333 3265 397 3317 Ρο11.
414 3266 469 3317 Vll.
494 3269 553 3320 143.
573 3277 603 3320 ut
619 3267 704 3335 κοανή
721 3269 830 3336 Appinn.
858 3269 915 3321 (liv.
932 3268 963 3322 V.
986 3284 1008 3318 c.
1033 3267 1091 3319 199.
1117 3262 1223 3337 φοινικῆ

120 3353 211 3408 Βίοοο.
227 3351 291 3403 Mat.
308 3351 339 3402 11.
361 3368 384 3402 c.
403 3353 466 3407 297.
492 3362 519 3404 et
537 3362 645 3405 centena
663 3355 727 3406 catio
745 3371 794 3405 non
812 3355 844 3405 nb
868 3371 957 3405 errore
980 3354 1148 3405 scribentium
1173 3369 1226 3420 pro·
1262 3394 1264 3399 .

123 3439 200 3499 lecta,
215 3439 258 3488 sed
274 3439 306 3489 ab
321 3439 420 3489 bnercsi
432 3455 531 3498 corum,
551 3441 595 3507 qui
612 3434 769 3510 ἀμυγδαλαῖ
784 3442 988 3506 pronuncinrunt
999 3447 1028 3491 ut
1040 3437 1123 3492 καλοί
1133 3439 1225 3490 Athen.

122 3525 155 3577 11.
177 3527 219 3578 53.
238 3525 270 3576 Α.
289 3534 316 3577 et
334 3534 428 3578 neutra
444 3522 521 3593 ι’ρεᾶ,
538 3523 616 3588 λινοῖ,
634 3523 734 3592 τριπλᾶ
753 3534 784 3577 ut
799 3524 872 3578 καλοί
887 3543 913 3578 ν.
938 3527 1034 3594 Pbryn.
1054 3525 1121 3592 App.
1142 3542 1167 3592 p.
1184 3526 1226 3576 25.

121 3612 219 3663 Anecd.
238 3629 261 3679 p.
279 3615 338 3665 425.
360 3628 435 3679 quum
453 3614 626 3680 corruptelam
644 3627 722 3678 quum
746 3613 811 3663 sutis
829 3614 961 3680 antiquom
979 3626 1035 3662 esse
1059 3612 1227 3663 ostendissem

121 3699 155 3749 nd
172 3697 270 3766 Pbryu.
288 3699 348 3754 234.
376 3699 512 3750 subridens
536 3700 587 3762 legi
610 3698 774 3766 bernbardpi
796 3689 1146 3769 roppoioyoriapioicpscw
1164 3699 1226 3749 Ere·

121 3786 201 3836 tostb.
221 3801 246 3852 p.
264 3785 324 3842 251.
345 3786 388 3851 qui
407 3787 472 3852 quod
491 3785 567 3836 alleri
584 3782 691 3852 σίδηρος
709 3800 754 3849 pro
769 3777 900 3854 σιδήρεος,
918 3784 943 3834 id
962 3782 1016 3833 illis
1039 3785 1229 3850 dissimilimnm

122 3885 152 3921 sc
165 3889 196 3923 ne
210 3872 296 3923 infimo
311 3873 413 3937 quidem
428 3872 629 3927 Scbclinstnrnm
643 3871 834 3922 condonandum
852 3878 901 3922 est.
937 3867 987 3919 Pro
1001 3874 1139 3940 κεραμέαν
1151 3870 1225 3921 Dion.

122 3956 195 4008 Cass.
216 3956 297 4009 LXV.
319 3957 343 4009 3.
364 3973 494 4024 nunquam
513 3958 566 4009 dixi
585 3954 722 4027 κεράμιον
741 3958 904 4009 scribendum
922 3971 995 4018 esse,
1020 3958 1087 4025 quod
1106 3957 1231 4013 Stnrzius:

119 4045 181 4097 mibi
198 4046 301 4107 tribuit,
320 4045 367 4097 sed
386 4043 456 4096 illem
475 4044 632 4111 scriptorem
650 4043 756 4096 atticam
774 4061 831 4098 esso
850 4043 950 4108 negavi.
