2534 4492
74 161 147 230 aaa
226 200 229 205 -
423 143 825 226 'orssnnrartou

77 342 187 416 monia,
211 340 370 420 blattaria,
394 340 533 415 canaria,
547 319 737 422 panetaria,
766 337 850 421 qnod*
872 338 923 420 qui
954 337 1106 422 cognitum
1114 288 1180 401 'lra-

76 446 185 522 beant,
219 445 277 507 etsi
309 443 429 508 animal·
447 443 615 527 plantamve
643 442 807 524 ignorent,
836 451 937 504 tamen
960 461 1056 524 genus
1078 462 1179 504 rerum

78 546 249 629 suspicione
272 546 432 630 attingent,
456 544 626 609 velificante
647 543 824 626 praesertim
847 564 959 627 genere
981 543 1179 606 animantium

76 647 255 724 masculino,
279 649 445 733 plantarum
462 645 617 709 feminino.
663 645 702 708 Et
722 666 797 708 vero
819 646 851 708 in
873 645 928 708 hoc
951 660 1076 709 numero
1090 668 1182 710 voca·

75 752 225 826 bulorum,
249 771 324 834 quae
346 760 451 813 natura
473 768 528 810 sua
548 746 651 810 multis
670 747 854 812 conveniunt
871 749 973 823 rebus,
998 749 1051 811 sed
1066 769 1180 811 nuncu·

75 855 208 940 pantium
232 853 353 931 arbitrio
375 852 579 914 attribuuntur
601 849 670 925 uni,
694 849 770 912 haud
792 871 885 933 pauca
906 852 1010 914 insunt
1032 871 1107 934 quae
1129 871 1180 934 ge-

77 956 205 1020 neratim
228 953 353 1018 describi
375 953 508 1035 possint3
532 952 659 1037 primum
681 973 729 1027 oa,
753 973 828 1034 qnae
853 954 889 1017 ad
911 954 1054 1025 vestitum
1077 963 1108 1015 et
1131 974 1180 1015 or-

77 1069 179 1121 natum
202 1056 333 1139 corporis
357 1056 508 1138 pertinent
530 1055 635 1138 partim
658 1076 676 1118 a
697 1054 790 1139 locis,
814 1057 863 1119 ubi
885 1057 1088 1134 fabricantur,
1110 1076 1182 1138 pars

77 1159 213 1244 aspecie
236 1158 286 1229 vel
308 1177 326 1219 a
348 1157 491 1232 materia,
514 1158 592 1220 unde
613 1156 765 1232 confiunt,
790 1157 953 1242 appellata:
983 1155 1180 1232 λακωνικοιί,

76 1259 243 1350 περσικαί,
271 1255 402 1344 cleptica
431 1258 605 1344 (Hesych.)‚
628 1256 843 1346 καρβάτιναι,
871 1258 1011 1349 σχιστσί,
1032 1283 1184 1348 περισχι-

77 1363 155 1445 δεῖς,
179 1355 291 1450 ῥᾴδιαι
314 1357 533 1448 tripartita),
563 1359 682 1435 οἷπλαῑ,
706 1363 849 1446 gallicae,
873 1363 1041 1446 galliculae,
1065 1365 1184 1447 sculpo-

79 1487 149 1541 nea,
173 1475 304 1548 spartea,
329 1486 453 1548 quorum
475 1464 660 1527 intellectum
683 1450 1028 1549 quodammodoadjnvat
1042 1486 1186 1529 numerus

76 1568 199 1653 pluralis
210 1593 224 1656 3,
246 1588 313 1630 nam
335 1567 497 1651 pedulium,
522 1566 689 1629 calceorum
717 1577 748 1628 et
770 1568 954 1650 crepidarum
977 1568 1099 1631 nomina
1120 1568 1183 1650 ple-

75 1691 167 1754 raque
188 1669 315 1753 pluralia
336 1681 420 1745 sunt,
443 1664 663 1755 οἷμιβρακίδες,
687 1665 895 1754 α’καξσρίδες,
919 1665 1068 1756 οἷσκὲροιι,
1090 1672 1183 1756 βασ-

76 1769 176 1848 κίδες,
203 1765 405 1847 δειπκιοῖδος,
427 1769 639 1857 ἐνδρομίδας,
662 1769 834 1847 κοσσίδες,
858 1771 1106 1856 πηλοποιτίδες,
1126 1798 1185 1838 σιε-

78 1873 259 1962 ριβαρίδες,
280 1875 447 1959 semiplotia
475 1875 505 1937 io
535 1885 582 1936 est
602 1869 812 1960 ἦμιβλαύτια
822 1874 851 1956 ⁸)
873 1885 932 1939 etc.
965 1885 1027 1938 tum
1053 1858 1185 1938 vestiurn

78 1977 222 2043 vocabula
244 1974 368 2042 οἷκταία
389 1999 421 2041 r.
445 1977 591 2061 Aglaoph.
615 1999 643 2061 p.
667 1975 762 2043 1022.
787 1974 939 2063 σκυτίνη,
966 1989 1095 2057 scortea,
1117 2002 1188 2062 ,αη-

80 2071 185 2165 λοτή,
212 2075 447 2163 κομελοτή9),
478 2075 627 2168 σχιστός,
659 2073 795 2154 στατός,
824 2075 990 2166 κροκοτός
1019 2078 1185 2166 (crocota),

79 2177 215 2270 μκστός
235 2181 460 2266 (soriculata‘l)‚
485 2197 658 2271 χορταῑος,
680 2183 849 2261 berlaicus,
871 2183 1038 2258 canusina,
1071 2193 1186 2261 storea,

78 2285 241 2361 mollicina‚
265 2283 390 2365 regilla,
415 2305 540 2368 quorum
563 2285 708 2350 nonnulla
736 2288 771 2349 ab
799 2286 1013 2371 adjectivorum
1035 2283 1188 2367 significa·

78 2389 161 2453 tione
186 2387 218 2451 in
241 2397 336 2450 totum
357 2387 487 2459 alienata
508 2399 591 2464 sunt,
615 2389 691 2472 quod
707 2399 738 2450 et
755 2388 822 2452 aliis
836 2388 943 2451 accidit
956 2385 1069 2460 multis,
1093 2408 1188 2450 σπει-

79 2488 171 2578 pule,
194 2492 317 2567 blattea,
341 2502 486 2565 strumen,
510 2491 708 2575 serpentaria,
732 2511 806 2574 quac
830 2501 938 2553 natura
953 2487 1100 2573 adjectiva
1117 2507 1188 2550 esse

79 2614 167 2656 nemo
190 2594 314 2658 dubitat.
360 2593 495 2657 Secundo
524 2594 645 2656 nomina
667 2593 784 2657 viarum
809 2594 971 2664 nicerte,
1003 2585 1187 2668 acaronis,

80 2688 260 2780 λεωφόρος,
284 2689 520 2777 οἷμφιτρήςῐο),
538 2701 655 2763 strato,
673 2682 1094 2776 ῃοοσοκκῖσ,”καταῤῥοι’κτη
1122 2691 1188 2753 sive

80 2789 296 2882 κατορρακτή
313 2802 475 2865 cataracta,
498 2790 629 2876 postica3
655 2809 747 2870 eaque
764 2809 851 2872 quae,
873 2809 962 2872 quum
977 2790 1012 2852 ab
1029 2791 1116 2855 initio
1133 2814 1188 2869 no,-

81 2919 152 2993 nren
174 2893 274 2982 στέγη
299 2893 350 2959 vel
379 2892 477 2963 simile
491 2883 675 2975 'adjunctum
703 2889 895 2968 habuissent,
930 2913 1091 2978 progressu
1113 2905 1189 2956 tem-

151 3182 484 3251 8)MoschopnlnsScl1ei.
504 3199 529 3250 p.
551 3181 609 3236 toa.
628 3177 684 3249 εἴδη
701 3176 895 3252 δποδημὰτων,
917 3182 1051 3248 σκαθικαί,
1069 3175 1188 3252 ippotae,

81 3264 101 3339 ἤ
115 3272 270 3342 κορασιτλκη
284 3264 341 3323 circo
353 3266 442 3337 aeonio
456 3269 517 3336 (scr,
537 3268 723 3337 Καρπαθίοιν)
739 3263 757 3336 ἡ
770 3264 897 3322 invenito
911 3274 961 3330 etc.

153 3354 180 3422 9)
199 3354 332 3420 Significat
350 3361 447 3407 vestem
463 3349 520 3408 α’πδ
531 3352 632 3425 τριχῶν
650 3350 781 3424 καμήλου,
800 3370 850 3405 non
868 3349 969 3421 δοριὶν,
996 3355 1063 3421 qnod
1080 3352 1188 3404 Lenico-

84 3442 174 3509 graphi
193 3441 344 3493 adscribunt
360 3447 482 3508 tanquam
500 3443 712 3510 supplementum.
1218 3504 1220 3508 ι

154 3524 199 3590 10)
215 3526 281 3578 Eur.
303 3527 376 3597 Cycl.
397 3526 455 3580 tut.
476 3521 511 3582 δι’
531 3523 703 3598 inperciens
723 3521 801 3594 σῆιδι
820 3527 1008 3591 προσβαίνων,
1032 3525 1190 3589 interpretes

84 3614 234 3678 intelligunt
247 3616 357 3681 πέτρος,
373 3613 429 3666 fere
447 3621 477 3665 nt
501 3629 591 3665 nornen
616 3613 728 3679 topicum
752 3612 869 3662 Pertusa
892 3613 1018 3679 accipitur
1036 3625 1063 3661 v.
1082 3610 1189 3663 Wessc·

86 3699 150 3765 ling.
170 3701 203 3751 ad
217 3698 277 3750 ltin.
297 3715 321 3766 p.
338 3699 381 3751 4⁵.
400 3698 510 3751 Mortem
532 3695 636 3767 Τρητόν
647 3699 805 3750 nominatum
821 3699 860 3748 ita
879 3692 936 3750 ιῖιτδ
952 3694 999 3749 τοῦ
1017 3689 1191 3763 συμβεβηκό-

87 3803 134 3842 τος
149 3793 273 3840 memorat
285 3785 412 3837 Diodorus
428 3783 472 3838 tv.
489 3785 532 3838 11.
549 3778 565 3836 δ
582 3777 684 3851 Τρητόν
705 3811 741 3824 -
757 3778 933 3853 ἀκρωτήριόν·
945 3780 1003 3834 ἐστι
1021 3786 1190 3854 τετρημένον

80 3872 170 3927 Anco.
190 3873 262 3927 stou.
287 3871 323 3925 Μ.
341 3871 377 3924 Μ.
397 3872 458 3930 32⁰.
483 3888 508 3939 p.
523 3869 583 3923 497.
604 3869 635 3921 Τ.
654 3867 686 3920 11.
707 3870 748 3920 ed.
769 3865 836 3922 Gall.
874 3868 901 3920 ln
919 3866 1052 3933 Euripidis
1075 3867 1130 3918 loco
1149 3869 1186 3920 Is.

85 3957 195 4031 Vossius
213 3961 245 4010 od
262 3957 322 4012 Mel.
341 3957 361 4010 1.
381 3961 413 4020 4,
432 3959 458 4010 4.
476 3957 588 4010 codicem
605 3955 676 4008 Flor.
696 3950 732 4009 δι’
752 3950 923 4024 amictam
939 3953 1063 4021 praebere
1080 3963 1184 4016 narrat,

86 4045 120 4101 1ο
134 4061 187 4117 guo
203 4045 267 4097 nihil
283 4045 347 4098 dicit
361 4043 495 4100 nouae.
546 4078 548 4083 ·
